2352 3080
431 702 477 736 12

432 1084 478 1119 13

434 2006 480 2041 14

505 266 597 311 168
884 265 992 302 ΤΟΤ
1018 263 1314 302 ΙΟΤΔΑΙΚΟΤ
1340 264 1611 301 ΠΟΛΕΜΟΥ

505 382 559 429 ἐν
606 388 671 444 τῷ
721 385 831 443 ζῆν,
879 383 994 441 μετὰ
1041 381 1127 441 τὴν
1176 380 1401 427 διάλυσιν
1448 379 1699 427 ἀθάνατον
1739 381 1917 440 τιμωρίη

504 458 714 519 ὑφέξειν.

601 535 757 595 <158>
791 542 940 581 ταῦτα
972 532 1060 596 μὲν
1094 531 1183 581 οὖν
1209 532 1433 594 Ἐσσηνοὶ
1467 532 1576 596 περὶ
1613 540 1769 594 ψυχῆς
1800 536 1917 579 θεολ

507 618 699 674 γοῦσιν,
746 613 965 672 ἄφυκτον
1012 610 1179 673 δέλεαρ
1228 619 1328 665 τοῖς
1373 610 1494 666 ἅπαξ
1535 609 1849 672 γευσαμένοις
1885 627 1917 656 τ

508 691 681 750 σοφίας
720 688 881 735 αὐτῶν
921 687 1243 747 ἐγκαθιέντες·
1299 686 1456 747 <159>
1496 686 1590 734 εἰσὶ
1631 686 1677 733 δ’
1722 687 1775 734 ἐν
1808 687 1917 734 αὐτ(

508 768 557 812 οἳ
612 764 692 812 καὶ
751 759 808 811 τά
868 763 1102 826 μέλλοντα
1152 762 1549 827 [προγιγνώσκειν
1606 763 1917 825 ὑπισχνοῦντι

507 845 694 903 βίβλοις
735 842 883 903 ἱεραῖς
921 840 1000 889 καὶ
1042 842 1296 903 διαφόροις
1337 840 1550 901 ἁγνείαις
1587 840 1669 888 καὶ
1708 857 1917 902 προφητι

507 916 882 979 ἀποφθέγμασιν
910 918 1435 980 ἐμπαιδοτριβούμενοι.
1478 917 1687 966 σπάνιον
1708 917 1757 964 δ’
1789 923 1839 965 εἴ
1858 934 1917 965 π(

508 994 561 1042 ἐν
594 1002 698 1051 ταῖς
730 996 1140 1056 προαγορεύσεσιν
1172 993 1475 1056 ἀστοχοῦσιν.

602 1073 761 1134 <160>
794 1074 893 1120 ἔστι
928 1069 982 1119 δὲ
1013 1071 1092 1119 καὶ
1118 1071 1283 1134 ἕτερον
1306 1071 1550 1132 Ἐσσηνῶν
1576 1072 1747 1132 τάγμα,
1774 1073 1917 1119 ,δίαιῑ

506 1146 595 1210 μὲν
646 1142 753 1197 καὶᾏ
781 1152 870 1210 ἔθη
924 1148 1003 1197 καὶ
1056 1151 1234 1210 νόμιμα
1285 1157 1387 1204 τοῖς
1432 1150 1597 1204 ἄλλοις
1643 1148 1917 1210 ὁμοφρονω

507 1227 705 1282 διεστὼς
738 1224 792 1273 δὲ
825 1232 883 1288 τῇ
921 1227 1040 1273 κατὰ
1080 1224 1235 1287 γάμον
1278 1224 1405 1288 δόξῃ.
1469 1224 1696 1287 μέγιστον
1729 1226 1821 1285 γὰρ
1856 1225 1917 1272 ἀσ

505 1305 700 1351 κόπτειν
740 1307 925 1350 οἴονται
967 1309 1054 1349 τοῦ
1089 1304 1200 1362 βίου
1241 1301 1403 1364 μέρος,
1443 1302 1532 1362 τὴν
1565 1303 1818 1363 διαδοχήν,
1859 1319 1917 1348 τε

507 1380 569 1441 μὴ
604 1385 896 1441 γαμοῦντας,
936 1383 1119 1440 μᾶλλον
1159 1377 1223 1441 δ’,
1263 1381 1308 1426 εἰ
1338 1377 1512 1434 πάντες
1549 1380 1603 1426 τὸ
1638 1379 1756 1426 αὐτὸ
1790 1396 1917 1441 φροτ

508 1467 657 1516 σειαν,
694 1455 902 1503 ἐκλιπεῖν
935 1455 995 1503 ἂν
1028 1457 1157 1503 ἅπαν
1189 1457 1243 1503 τὸ
1277 1455 1416 1516 γένος
1447 1455 1657 1517 τάχιστα.
1699 1457 1855 1516 <161>
1893 1454 1917 1499 ὁ

507 1533 781 1593 κιμάζοντες
819 1531 982 1594 μέντοι
1021 1531 1203 1596 τριετίᾳ
1241 1533 1325 1588 τὰς
1363 1534 1587 1594 γαμετάς,
1636 1533 1829 1580 ἐπειδὰν
1867 1547 1917 1590 'co

506 1613 826 1671 καθαρθῶσιν
859 1611 927 1665 εἰς
959 1618 1131 1671 πεῖραν
1168 1616 1256 1656 τοῦ
1290 1610 1535 1656 δύνασθαι
1575 1613 1776 1670 τίκτειν,
1819 1609 1917 1656 οὔτε

509 1687 721 1746 ἄγονται.
787 1694 890 1742 ταῖς
922 1685 969 1732 δ’
1007 1686 1268 1747 ἐγκύμοσιν
1301 1687 1390 1748 οὐχ
1423 1686 1694 1748 ὁμιλοῦσιν,
1729 1687 1917 1734 ἐνδεικνι

507 1780 644 1824 μενοι
679 1764 732 1810 τὸ
773 1764 836 1824 μὴ
880 1762 946 1810 δι’
993 1763 1176 1823 ἡδονὴν
1217 1763 1338 1810 ἀλλὰ
1376 1763 1560 1811 τέκνων
1605 1763 1750 1825 χάριν
1790 1769 1917 1825 γαμεῖπ

507 1841 688 1903 λουτρὰ
721 1837 774 1887 δὲ
806 1848 911 1895 ταῖς
943 1839 1166 1900 γυναιξὶν
1200 1840 1548 1902 ἀμπεχομέναις
1587 1840 1848 1902 ἐνδύματα,
1880 1855 1917 1885 κο

506 1918 665 1978 θάπερ
699 1925 800 1973 τοῖς
833 1916 1070 1979 ἀνδράσιν
1105 1916 1157 1964 ἐν
1189 1918 1487 1978 περιζώματι.

604 1993 764 2054 <162>
795 2000 993 2041 τοιαῦτα
1033 1992 1121 2055 μὲν
1160 1996 1249 2055 ἔθη
1283 1996 1427 2042 τοῦδε
1460 2001 1547 2043 τοῦ
1587 1994 1844 2056 τάγματος,
1874 1993 1917 2040 δι’

509 2067 564 2116 δὲ
609 2078 705 2116 τῶν
752 2069 999 2133 προτέρων
1041 2074 1298 2133 Φαρισαῖοι
1346 2068 1434 2133 μὲν
1480 2073 1533 2119 οἱ
1568 2073 1826 2127 δοκοῦντες
1864 2087 1917 2132 με·

508 2144 753 2207 ἀκριβείας
785 2145 1057 2209 ἐξηγεῖσθαι
1090 2148 1148 2194 τὰ
1180 2150 1359 2209 νόμιμα
1390 2146 1471 2195 καὶ
1503 2149 1591 2209 τὴν
1624 2149 1820 2210 πρώτην
1852 2148 1917 2195 ἀπε

509 2239 676 2282 γοντες
721 2223 927 2285 αἵρεσιν,
973 2223 1231 2286 εἱμαρμένῃ
1277 2242 1328 2272 τε
1372 2223 1452 2272 καὶ
1498 2229 1600 2288 θεῷ
1639 2225 1915 2285 προσάπτου

508 2297 685 2360 πάντα,
726 2300 884 2360 <163>
918 2299 998 2347 καὶ
1031 2302 1086 2348 τὸ
1119 2299 1208 2362 μὲν
1241 2302 1465 2364 πράττειν
1499 2303 1558 2350 τὰ
1599 2303 1761 2350 δίκαια
1795 2301 1873 2350 καὶ
1905 2320 1917 2363 3

507 2377 625 2423 κατὰ
656 2377 709 2423 τὸ
737 2380 963 2438 πλεῑζστον
991 2377 1068 2425 ἐπὶ
1094 2387 1194 2433 τοῖς
1220 2377 1499 2441 ἀνθρώποις
1524 2385 1735 2440 κεῖσθαι,
1768 2383 1917 2441 βοηθε

508 2453 554 2500 δ’
592 2455 661 2509 εἰς
691 2452 892 2502 ἕκαστον
924 2453 1003 2502 καὶ
1037 2454 1125 2514 τὴν
1159 2455 1481 2516 εἱμαρμένην-
1517 2459 1678 2519 ψυχὴν
1718 2458 1772 2507 δὲ
1815 2471 1917 2509 πᾶσι

508 2528 597 2591 μὲν
635 2531 914 2591 ἄφθαρτον,
961 2533 1265 2592 μεταβαίνειν
1306 2531 1346 2578 δ’
1389 2534 1457 2588 εἰς
1497 2533 1663 2597 ἕτερον
1711 2545 1847 2599 σῶμα
1886 2558 1917 2586 τ’

508 2614 606 2654 τῶν
625 2606 827 2667 ἀγαθῶν
853 2610 1026 2669 μόνην,
1054 2609 1138 2663 τὰς
1163 2606 1216 2655 δὲ
1241 2616 1340 2656 τῶν
1368 2611 1571 2669 φαύλων
1597 2612 1741 2678 ἀιδίῳ
1770 2632 1917 2678 τιμωρ

607 2698 632 2742 5
651 2698 730 2734 162
756 2713 805 2728 ===
825 2694 920 2735 Ant.
947 2694 1034 2736 Iud.
1062 2695 1194 2735 XVIII
1215 2700 1273 2735 13.
