2352 3080
489 232 583 277 144
859 232 968 270 ΤΟΤ
993 232 1290 270 ΙΟΤΔΑῙΚΟΤ
1316 231 1586 269 ΠΟΛΕΜΟΤ

483 350 571 410 τὴν
610 350 898 410 θρησκείαν,
942 351 992 396 οἳ
1028 346 1082 394 δὲ
1121 351 1235 403 τοὺς
1275 348 1508 408 σοφιστὰς
1554 351 1850 401 πενθοῦντες

484 432 548 489 τῷ
580 427 688 489 ἱερῷ
718 427 1105 489 συνειστήκεσαν,
1138 425 1325 487 τροφὴν
1352 432 1409 487 τῇ
1441 424 1604 482 στάσει
1630 426 1886 485 ποριζόμεν·

483 503 610 563 <11>
655 503 774 564 πρὸς
817 502 843 549 ὃ
890 503 1051 557 δείσας
1093 500 1363 563 Ἀρχέλαος,
1414 500 1530 563 πρὶν
1578 499 1644 547 δι’
1695 501 1813 547 ὅλου
1856 518 1886 547 τι

482 581 703 639 πλήθους
724 581 1007 640 διαδραμεῖν
1027 579 1114 639 τὴν
1135 581 1299 639 νόσον,
1326 578 1593 640 ὑποπέμπει
1612 579 1730 639 μετὰ
1752 580 1883 636 σπείρ

482 660 745 718 χιλίαρχον,
774 655 1041 716 προστάξας
1067 657 1150 718 βία
1176 658 1289 711 τοὺς
1317 654 1599 716 ἐξάρχοντας
1626 662 1710 715 τῆς
1737 654 1886 702 στάσει

482 742 747 794 κατασχεῖν.
812 733 932 794 πρὸς
976 732 1062 787 οὓς
1108 733 1161 779 τὸ
1207 736 1395 792 πλῆθος
1440 732 1569 779 ἅπαν
1615 731 1886 793 παροξύνετι

482 810 562 858 καὶ
602 813 716 864 τοὺς
752 807 840 870 μὲν
880 812 1090 864 πολλοὺς
1129 815 1211 869 τῆς
1251 811 1447 870 σπείρας
1486 809 1746 869 βάλλοντες
1785 812 1886 855 λίθο

483 886 784 949 διέφθειρον,
818 886 843 933 ὁ
878 884 931 933 δὲ
957 888 1201 947 χιλίαρχος
1228 885 1450 946 ἐκφεύγει
1477 887 1771 947 τραυματίας
1797 887 1886 947 μόλ.

482 964 610 1023 <12>
656 962 805 1010 ἔπειθ’
867 965 918 1010 οἳ
959 960 1047 1023 μὲν
1100 963 1164 1017 ὡς
1215 963 1419 1023 μηδενὸς
1472 963 1639 1010 δεινοῦ
1693 965 1883 1022 γεγονότ

483 1038 744 1100 ἐτράποντο
788 1040 906 1101 πρὸς
947 1040 1036 1100 τὴν
1074 1041 1278 1098 θυσίαν,
1326 1038 1386 1085 οὐ
1425 1039 1519 1099 μὴν
1551 1037 1790 1102 Ἀρχελάῳ
1833 1040 1886 1099 δίς

485 1118 642 1176 φόνου
674 1118 912 1163 καθεκτὸν
945 1118 1013 1163 ἔτι
1041 1117 1094 1163 τὸ
1121 1120 1308 1176 πλῆθος
1335 1115 1574 1177 ἐφαίνετο,
1607 1116 1696 1176 τὴν
1724 1114 1777 1163 δὲ
1806 1128 1883 1176 στρ

482 1193 592 1240 τιὰν
625 1192 886 1254 ἐπαφίησιν
919 1193 1082 1247 αὐτοῖς
1115 1192 1247 1253 ὅλην,
1281 1195 1395 1249 τοὺς
1424 1189 1512 1253 μὲν
1534 1195 1716 1249 ’πεζοὺς
1750 1193 1828 1238 διὰ
1858 1209 1885 1238 τΙ

482 1271 664 1324 πόλεως
697 1269 925 1329 ἀθρόους,
959 1271 1073 1324 τοὺς
1106 1267 1152 1316 δ’
1191 1269 1347 1324 ἱππεῖς
1381 1268 1473 1316 ἀνὰ
1506 1269 1560 1316 τὸ
1594 1270 1784 1316 πεδίον·
1818 1269 1886 1326 <1ἔ

480 1348 535 1392 οἳ
563 1346 777 1393 θύουσιν
809 1344 1025 1401 ἑκάστοις
1064 1345 1290 1407 ἐξαίφνης
1329 1348 1681 1407 προσπεσόντες
1720 1348 1886 1406 διαφθε

481 1435 625 1483 ρουσι
656 1420 745 1482 μὲν
776 1420 886 1483 περὶ
918 1426 1231 1485 τρισχιλίους,
1272 1424 1325 1470 τὸ
1360 1420 1415 1470 δὲ
1453 1424 1624 1470 λοιπὸν
1656 1427 1839 1484 πλῆθος
1867 1437 1886 1467 ε

482 1500 540 1545 τὰ
573 1502 777 1558 πλησίον
809 1501 896 1561 ὄρη
931 1499 1255 1547 διεσκέδασαν.
1299 1501 1491 1547 εἵποντο
1525 1497 1579 1547 δὲ
1611 1501 1811 1561 κήρυκες
1835 1498 1886 1551 'Ae

482 1575 655 1636 χελάου
698 1577 973 1631 κελεύοντες
1010 1575 1212 1624 ἕκαστον
1251 1577 1519 1638 ἀναχωρεῖν
1553 1575 1627 1623 ἐπ’
1665 1582 1821 1636 οἴκου,
1852 1591 1886 1621 xa

482 1651 655 1708 πάντες
689 1650 871 1716 ᾤχοντο
905 1654 994 1713 τὴν
1028 1651 1198 1713 ἑορτὴν
1232 1653 1558 1708 ἀπολιπόντες.

433 1729 460 1773 2
578 1729 705 1790 <14>
751 1731 893 1784 αὐτὸς
939 1728 992 1776 δὲ
1030 1731 1147 1791 μετὰ
1186 1737 1268 1791 τῆς
1306 1731 1483 1792 μητρὸς
1520 1729 1600 1777 καὶ
1643 1738 1744 1778 τῶν
1785 1733 1886 1791 φίλα

484 1810 657 1854 Ποπλᾶ
682 1806 762 1854 καὶ
790 1796 1094 1868 Πτολεμαίου
1126 1806 1206 1854 καὶ
1233 1806 1483 1854 Νικολάου
1508 1806 1672 1869 κατῄει
1704 1809 1817 1868 πρὸς
1846 1810 1886 1853 θ(

482 1886 678 1944 λατταν,
724 1884 999 1932 καταλιπὼν
1040 1886 1296 1945 ἐπίτροπόν
1335 1900 1385 1931 τε
1428 1892 1525 1932 τῶν
1565 1886 1821 1945 βασιλείων
1855 1899 1886 1929 κε

482 1962 721 2022 κηδεμόνα
760 1969 857 2008 τῶν
904 1962 1095 2008 οἰκείων
1141 1963 1397 2009 Φίλιππον.
1462 1960 1586 2021 <15>
1632 1960 1845 2023 συνεξῄει
1882 1977 1886 1999 ·

482 2037 577 2097 ἅμα
609 2045 711 2091 τοῖς
742 2035 927 2092 τέκνοις
959 2038 1170 2098 Σαλώμη
1210 2036 1290 2084 καὶ
1330 2037 1382 2084 οἱ
1416 2044 1503 2091 τοῦ
1528 2028 1775 2098 ’βασιλέως
1806 2038 1885 2085 ἀδε-

487 2113 641 2173 φιδοῖ,
657 2130 707 2160 τε
734 2112 813 2160 καὶ
840 2116 1061 2176 γαμβροί,
1094 2115 1147 2161 τὸ
1177 2112 1265 2175 μὲν
1285 2115 1469 2175 δοκεῖν,
1496 2116 1886 2176 συναγωνιούμεν

482 2188 591 2250 περὶ
625 2196 706 2249 τῆς
739 2190 964 2251 διαδοχῆς
989 2189 1245 2254 Ἀρχελάῳ,
1278 2192 1332 2238 τὸ
1365 2188 1405 2238 δ’
1449 2190 1648 2252 ἀληθές,
1681 2207 1884 2253 κατηγορ

482 2278 649 2321 σοντες
680 2266 789 2327 περὶ
822 2274 919 2313 τῶν
951 2268 1069 2314 κατὰ
1102 2269 1155 2315 τὸ
1191 2268 1322 2329 ἱερὸν
1358 2268 1816 2329 παρανομηθέντων.

431 2355 454 2389 2
580 2343 706 2404 <16>
739 2350 953 2407 συναντᾷ
983 2343 1023 2391 δ’
1066 2344 1228 2399 αὐτοῖς
1259 2332 1389 2391 κατὰ
1403 2345 1491 2404 τὴν
1519 2345 1820 2407 Καισάρειαν
1845 2346 1886 2393 Σ

482 2421 617 2480 βῖνος
651 2419 675 2467 ὁ
710 2427 793 2481 τῆς
819 2424 1005 2482 Συρίας
1039 2420 1291 2482 ἐπίτροπος
1321 2422 1389 2477 εἰς
1415 2420 1659 2469 Ἰουδαίαν
1687 2422 1841 2471 ἀνιὼν
1866 2419 1886 2469 ἐ

482 2500 673 2558 φυλακῇ
706 2505 805 2545 τῶν
830 2496 1055 2560 “Ηρώδου
1087 2498 1353 2558 χρημάτων.
1416 2504 1594 2545 τοῦτον
1630 2498 1799 2560 ἐπέσχε
1830 2516 1886 2561 πρ

480 2572 670 2635 σωτέρω
712 2583 885 2637 χωρεῖν
921 2573 1083 2635 ’Βάρος
1123 2574 1363 2635 ἐπελθών,
1410 2574 1467 2621 ὃν
1514 2576 1597 2622 διὰ
1636 2577 1886 2638 Πτολεμαί

583 2665 605 2708 ξ
627 2664 675 2699 14
698 2681 745 2695 ----
768 2663 859 2702 Ant.
882 2662 968 2702 Iud.
989 2661 1100 2700 XVII
1121 2666 1207 2702 219.
