2352 3080
440 254 497 292 IV
578 258 581 261 '
1012 253 1321 294 PRAEFATIO.

535 370 606 418 De
644 371 719 418 his
761 371 977 418 omnibus
1018 370 1209 418 Niesius
1249 371 1300 418 in
1339 371 1626 432 praefatione
1665 388 1708 433 p.
1742 372 1906 420 XXVI

440 448 509 494 ita
542 448 702 494 refert:
740 448 917 495 ‘Facile
948 448 1192 510 intelleges
1225 449 1317 495 duo
1350 448 1549 495 maxime
1582 448 1792 495 codicum
1824 465 1904 511 ge-

440 539 553 571 nera
605 540 704 571 esse
757 525 1078 586 discernenda,
1131 541 1330 586 quorum
1383 525 1582 572 alterum
1635 526 1904 573 continetur

441 601 678 649 codicibus
705 601 743 648 P
764 604 810 649 et
830 601 895 662 A,
929 601 1010 662 qui
1038 601 1225 662 quidem
1256 602 1379 649 inter
1413 618 1463 649 se
1495 601 1766 663 plerumque
1793 619 1903 651 con-

440 679 669 740 sentiunt3
712 678 904 724 alterius
944 678 1126 740 generis
1161 681 1272 725 sunt
1304 679 1595 740 maximeque
1636 696 1663 726 a
1701 679 1795 726 PA
1834 681 1902 727 di-

439 756 561 802 versi
594 754 690 801 VR
724 757 770 801 et
803 753 852 801 O.
887 754 1049 801 deinde
1082 755 1285 802 medium
1324 755 1553 816 quendam
1585 756 1708 803 inter
1748 759 1902 805 utros-

439 847 530 893 que
555 832 711 878 locum
738 831 951 877 obtinent
977 832 1182 892 primum
1206 832 1275 893 M,
1308 832 1389 893 qui
1423 835 1477 879 ut
1511 848 1647 893 saepe
1675 849 1780 880 cum
1805 833 1901 881 PA

439 907 702 968 concordat,
736 907 804 954 ita
828 924 922 955 non
951 924 1055 956 raro
1090 909 1149 955 ab
1178 909 1322 956 altera
1351 912 1484 970 parte
1518 912 1627 971 stat,
1654 909 1819 956 deinde
1846 910 1900 971 L,

440 985 522 1046 qui
560 985 612 1031 in
650 984 772 1031 libro
812 985 961 1046 primo
1002 989 1049 1033 et
1087 989 1219 1046 parte
1259 986 1447 1033 secundi
1480 1001 1586 1033 cum
1617 984 1759 1033 VRG
1794 1002 1901 1033 con-

440 1062 612 1108 sentire
646 1061 780 1124 solet,
815 1061 984 1109 abhinc
1016 1065 1174 1109 tamen
1204 1063 1413 1123 pluriens
1447 1079 1552 1110 cum
1584 1062 1738 1110 PAM
1769 1063 1899 1124 facit,

440 1141 677 1199 praeterea
716 1142 870 1186 autem
912 1139 1060 1186 multa
1101 1139 1244 1186 habet
1284 1140 1550 1202 singularia.
1608 1139 1734 1186 haud
1777 1140 1899 1186 absi-

440 1215 564 1262 milis
596 1218 668 1262 est
702 1215 911 1262 condicio
945 1215 1117 1262 codicis
1152 1214 1208 1276 O,
1243 1216 1324 1277 qui
1358 1216 1629 1277 plerumque
1662 1232 1770 1262 cum
1801 1216 1899 1263 VR

439 1293 714 1353 conjunctus
748 1294 820 1339 est
853 1294 934 1339 aut
967 1292 1025 1339 ab
1059 1293 1127 1340 eis
1160 1293 1349 1354 pendet,
1380 1292 1615 1340 interdum
1646 1308 1756 1340 vero
1791 1309 1899 1340 cum

436 1367 527 1415 PA
565 1367 701 1428 facit3
744 1367 823 1414 sed
861 1367 904 1414 is
944 1384 1129 1428 quoque
1167 1368 1292 1415 haud
1330 1385 1436 1416 raro
1470 1371 1684 1416 neutram
1716 1372 1899 1430 partem

440 1443 652 1504 sequitur
685 1447 766 1490 aut
794 1443 920 1490 solus
955 1448 1036 1491 aut
1068 1445 1237 1492 comite
1264 1445 1315 1492 L.
1352 1473 1411 1479 —
1444 1443 1575 1493 Inter
1599 1445 1713 1493 haec
1740 1449 1897 1493 autem

440 1536 558 1581 quae
600 1520 802 1567 diximus
842 1535 1010 1581 genera
1049 1521 1149 1568 sine
1189 1522 1330 1568 dubio
1371 1523 1686 1583 praestantius
1726 1523 1774 1569 id
1813 1527 1899 1584 est,

438 1597 570 1643 cuius
612 1598 722 1643 sunt
761 1597 940 1644 codices
978 1596 1068 1643 PA
1108 1598 1335 1659 adjunctis
1376 1614 1511 1659 saepe
1550 1598 1601 1645 M
1635 1602 1716 1646 aut
1748 1598 1809 1659 L,
1850 1600 1898 1646 id

438 1674 564 1735 quod
606 1676 706 1720 tam
750 1674 1045 1734 perspicuum
1089 1676 1183 1736 est,
1227 1677 1282 1721 ut
1319 1676 1416 1736 jam
1461 1674 1744 1722 Cardwellus
1756 1714 1769 1738 ‚
1815 1677 1898 1737 qui

437 1752 615 1812 primus
661 1749 873 1797 Parisino
920 1766 1033 1797 usus
1080 1754 1172 1812 est,
1219 1752 1318 1799 eius
1364 1753 1586 1799 virtutem
1633 1754 1898 1814 agnoverit3

436 1828 600 1876 deinde
633 1827 846 1889 pluribus
886 1827 1109 1888 exemplis
1150 1827 1485 1876 demonstravit
1517 1826 1769 1890 Destinon,
1812 1845 1897 1877 nec

435 1905 561 1966 fugit
592 1904 975 1965 Herwerdenum‚
1018 1920 1162 1965 quum
1194 1905 1245 1952 in
1277 1905 1578 1965 Mnemosyne
1614 1905 1737 1951 1893
1773 1907 1896 1953 codi-

438 1996 544 2027 cum
570 1980 614 2027 A
647 1983 693 2028 et
726 1981 777 2027 M
809 1981 1031 2028 lectiones
1067 1998 1094 2028 a
1126 1998 1176 2028 se
1209 1984 1448 2043 excerptas
1482 1981 1648 2042 ederet,
1680 1998 1788 2028 nam
1813 1983 1911 2045 ho-⁴

436 2073 543 2103 rum
569 2057 777 2103 codicum
803 2057 953 2103 virtus
979 2060 1114 2104 tanta
1139 2061 1225 2119 est,
1257 2061 1311 2105 ut
1338 2073 1417 2105 eos
1444 2058 1725 2104 recensionis
1755 2058 1897 2107 huius

436 2133 737 2179 fundamenta
787 2132 1086 2181 habuerimus
1132 2150 1283 2196 neque
1329 2134 1387 2181 ab
1433 2134 1501 2181 eis
1548 2134 1896 2183 discesserimus

437 2209 530 2256 nisi
558 2209 709 2255 rarius
735 2212 782 2256 et
809 2225 857 2256 re
885 2211 1070 2272 saepius
1095 2211 1332 2258 meditata.
1380 2211 1460 2258 sed
1487 2211 1698 2271 quamvis
1725 2228 1898 2274 magna

437 2285 501 2332 sit
527 2302 688 2333 eorum
713 2288 1011 2349 praestantia,
1044 2290 1201 2334 tamen
1226 2304 1376 2350 neque
1402 2305 1429 2334 a
1456 2287 1720 2348 corruptela
1745 2304 1896 2349 neque

436 2362 496 2409 ab
535 2362 895 2423 interpolatione
934 2365 1125 2412 fuerunt
1166 2365 1322 2427 liberi;
1369 2380 1511 2425 quare
1551 2364 1749 2412 alterum
1783 2381 1895 2425 quo-

439 2454 528 2498 que
561 2453 706 2500 genus
739 2440 971 2488 interdum
1002 2441 1197 2488 meliora
1229 2440 1467 2488 servavit'

533 2514 766 2570 Quantum
804 2517 922 2564 mihi
961 2518 1242 2578 comparuit,
1282 2515 1397 2565 haec
1436 2517 1592 2565 omnia
1632 2517 1689 2565 ab
1730 2516 1894 2566 Niesio

435 2594 557 2638 recte
608 2592 846 2653 disputata
894 2593 1096 2640 fuerunt.
1169 2592 1329 2641 Unum
1374 2596 1522 2641 restat
1574 2594 1699 2655 quod
1744 2595 1895 2642 cuius-

435 2668 559 2714 modi
594 2669 669 2726 sit,
703 2669 826 2716 effici
850 2672 1006 2731 potest
1033 2686 1090 2717 ex
1116 2671 1175 2717 iis
1202 2671 1359 2717 verbis
1387 2686 1504 2731 quae
1532 2671 1654 2731 apud
1679 2670 1896 2719 Niesium
