2352 3080
485 280 582 326 230
859 279 967 316 To‘r
994 279 1288 316 IOTAAIKOT
1313 280 1583 317 ΠΟΛΕΜΟΥ

486 397 643 457 <545>
679 399 799 444 ἔνθα
827 397 916 443 δύο
945 393 1033 456 μὲν
1059 395 1235 456 ἡμέρας
1261 396 1506 456 ἐπέμεινεν
1535 396 1561 443 ὁ
1590 396 1797 454 Κέστιος,
1821 395 1907 455 ἀμη-

485 483 647 534 χανῶν
687 475 712 520 ὅ
751 491 796 519 τι
837 474 926 534 χρὴ
968 482 1143 532 ποιεῖν,
1183 480 1240 534 τῇ
1280 476 1415 534 τρίτῃ
1459 471 1512 519 δὲ
1551 477 1715 536 πολλῷ
1753 475 1907 524 πλείους

486 554 601 607 τοὺς
625 554 884 612 πολεμίους
910 549 1208 610 θεασάμενος
1233 549 1312 597 καὶ
1339 551 1495 597 πάντα
1521 551 1581 597 τὰ
1616 551 1770 612 κύκλῳ
1795 547 1906 609 μεστὰ

476 627 758 688 Ἰουδαίων,
804 630 927 688 ἔγνω
968 626 1078 673 καθ’
1133 625 1307 674 ἑαυτοῦ
1347 644 1398 673 τε
1438 627 1705 689 βραδύνας,
1746 627 1826 673 κᾶν
1857 626 1904 670 ἔτι

486 708 623 767 μείνῃ
659 707 845 752 πλείοσι
879 706 1171 764 χρησόμενος
1204 703 1411 766 ἐχθροῖς.

583 782 740 842 <546>
773 782 854 828 ἵνα
881 781 940 841 δὴ
969 779 1302 843 συντονωτέρᾳ
1333 782 1561 841 χρήσαιτο
1589 788 1742 842 φυγῇ,
1773 781 1823 827 τὰ
1843 778 1905 836 τὴν

487 861 715 921 στρατιὰν
748 857 1046 905 ἀνθέλκοντα
1078 860 1381 919 περικόπτειν
1413 857 1685 919 προσέταξε.
1736 860 1905 918 διαφθα-

487 936 668 997 ρέντων
702 933 756 981 δὲ
788 944 886 981 τῶν
919 933 956 981 τ’
998 933 1151 995 ὀρέων
1178 933 1257 981 καὶ
1285 942 1382 981 τῶν
1410 935 1539 982 ὄνων
1567 937 1636 981 ἔτι
1666 933 1719 982 δὲ
1743 933 1813 981 καὶ
1835 940 1905 979 τῶν

485 1013 784 1072 ὑποζυγίων,
830 1013 956 1072 πλὴν
1001 1011 1091 1059 ὅσα
1135 1010 1249 1072 βέλη
1293 1014 1572 1072 παρεκόμιζε
1612 1011 1691 1059 καὶ
1737 1006 1906 1073 μηχανάς

487 1088 694 1152 (τούτων
727 1091 818 1150 γὰρ
854 1089 934 1136 διὰ
968 1089 1055 1149 τὴν
1087 1079 1253 1150 χρείαν
1285 1091 1598 1150 περιείχοντο,
1633 1089 1712 1135 καὶ
1743 1088 1905 1150 μάλιστα

483 1168 754 1222 δεδοικότες
786 1167 848 1227 μὴ
875 1156 1138 1220 Ἰουδαίοις
1162 1164 1266 1212 κατ’
1297 1165 1457 1212 αὐτῶν
1484 1165 1621 1229 ἁλῷ),
1656 1172 1824 1227 προῆγε
1845 1162 1907 1220 τὴν

482 1245 696 1305 δύναμιν
737 1243 813 1290 ἐπὶ
855 1243 1127 1304 Βαιθώρας.
1193 1242 1352 1302 (547)
1392 1242 1444 1289 οῖ
1482 1240 1536 1289 δὲ
1563 1241 1792 1290 Ἰουδαῖοι
1821 1236 1907 1287 κατὰ

484 1319 574 1381 μὲν
613 1322 697 1375 τὰς
737 1320 1032 1381 εὐρυχωρίας
1074 1315 1218 1379 ἦττον
1251 1318 1517 1380 ἐπέκειντο,
1560 1318 1908 1379 συνειληθέντων

482 1397 530 1444 δ’
570 1400 638 1452 εἰς
670 1398 728 1443 τὰ
763 1397 904 1443 στενὰ
937 1395 1018 1442 καὶ
1050 1397 1139 1456 τὴν
1169 1395 1450 1456 κατάβασιν,
1483 1397 1535 1443 οἳ
1557 1393 1646 1457 μὲν
1672 1397 1910 1457 φθάσαντες

484 1471 651 1535 εἶργον
699 1474 875 1527 αὐτοὺς
918 1479 1003 1532 τῆς
1046 1472 1239 1532 ἐξόδου,
1286 1473 1425 1520 ἄλλοι
1464 1470 1520 1519 δὲ
1560 1476 1677 1528 τοὺς
1714 1471 1912 1520 ὑστάτους

486 1551 769 1598 κατεώθουν
803 1551 870 1604 εἰς
903 1550 992 1609 τὴν
1025 1551 1269 1611 φάραγγα.
1308 1550 1361 1597 τὸ
1396 1548 1450 1597 δὲ
1482 1559 1579 1597 πᾶν
1612 1554 1796 1610 πλῆθος
1825 1562 1914 1604 παρ-

487 1625 690 1675 εκταθὲν
722 1625 843 1687 ὑπὲρ
887 1627 972 1673 τὸν
1012 1625 1190 1688 αὐχένα
1230 1633 1313 1686 τῆς
1356 1626 1474 1674 ὁδοῦ
1508 1627 1824 1673 κατεκάλυπτε
1851 1623 1918 1681 τὴν

486 1706 712 1766 φάλαγγα
752 1712 852 1758 τοῖς
890 1702 1094 1764 βέλεσιν.
1166 1702 1325 1763 (548)
1369 1705 1493 1750 ἔνθα
1534 1702 1615 1750 καὶ
1657 1712 1755 1750 τῶν
1797 1703 1922 1757 πεζῶν

487 1782 864 1843 ἀμηχανούντων
926 1781 1256 1840 προσαμύνειν
1311 1778 1497 1835 ἑαυτοῖς
1550 1779 1923 1841 ἐπισφαλέστερος

488 1867 590 1913 τοῖς
643 1859 869 1905 ἱππεῦσιν
921 1856 947 1903 ὁ
996 1858 1225 1911 κίνδυνος
1270 1853 1356 1916 ἦν·
1410 1857 1522 1903 οὔτε
1574 1858 1665 1918 γὰρ
1720 1856 1772 1903 ἐν
1823 1855 1923 1911 τάξε,

487 1937 607 1984 κατὰ
640 1942 723 1996 τῆς
761 1934 881 1981 ὁδοῦ
919 1934 1132 1994 βαδίζειν
1165 1933 1399 1980 ἐδύναντο
1435 1935 1745 1994 βαλλόμενοι,
1788 1932 1863 1979 καὶ
1893 1933 1923 1978 τὲ

489 2015 753 2070 πρόσαντες
807 2010 882 2058 ἐπὶ
934 2013 1049 2065 τοὺς
1100 2012 1359 2070 πολεμίους
1419 2011 1685 2071 ἱππάσιμον
1738 2011 1825 2057 οὐκ
1877 2007 1923 2069 ἧι

490 2089 649 2148 (549)
692 2089 747 2135 τὸ
787 2086 827 2134 δ’
877 2086 954 2134 ἐπὶ
994 2087 1177 2147 θάτερα
1215 2085 1419 2147 κρημνοὶ
1458 2085 1538 2133 καὶ
1578 2088 1844 2148 φάραγγες,
1888 2089 1923 2134 εἰ

493 2165 579 2220 οὓς
612 2162 971 2225 ἀποσφαλέντες
1007 2163 1338 2225 κατεφέροντο.
1404 2164 1545 2211 κοῦτε
1586 2171 1746 2225 φυγῆς
1778 2182 1850 2219 τις
1880 2175 1923 2212 τε

490 2258 584 2289 πον
618 2238 717 2287 οὔτ’
765 2238 949 2300 ἀμύνης
982 2237 1109 2300 εἶχεν
1142 2240 1385 2300 ἐπίνοιαν,
1429 2239 1530 2287 ἀλλ’
1570 2240 1647 2287 ὑπ’
1693 2240 1923 2302 ἀμηχανία

491 2318 560 2366 ἐπ’
628 2317 843 2376 οἰμωγὴν
903 2316 1164 2378 ἐτράποντο
1216 2316 1296 2364 καὶ
1348 2319 1462 2372 τοὺς
1514 2317 1568 2364 ἐν
1622 2317 1923 2377 ἀπογνώσεσι

491 2395 760 2456 ὀδυρμούς·
794 2393 985 2454 ἀντήχει
1019 2392 1063 2440 δ’
1104 2394 1268 2448 αὐτοῖς
1300 2394 1353 2441 τὸ
1381 2394 1509 2455 παρὰ
1535 2393 1798 2442 Ἰουδαίων
1831 2395 1923 2455 ἐγκε

491 2478 641 2534 λευμα
693 2470 773 2519 καὶ
825 2471 1011 2532 κραυγὴ
1064 2473 1332 2532 χαιρόντων
1391 2472 1486 2532 ἅμα
1539 2471 1619 2518 καὶ
1680 2476 1923 2534 τεθυμωμε

490 2568 605 2596 νων.
670 2549 829 2609 <550>
870 2547 1037 2607 ὀλίγου
1077 2544 1132 2594 δὲ
1171 2548 1275 2594 δεῖν
1315 2557 1474 2595 πᾶσαν
1514 2548 1575 2595 ἂν
1614 2549 1839 2609 ἥρπασαν
1875 2552 1923 2610 τὴ

492 2627 587 2686 ἅμα
627 2628 813 2689 Κεστίῳ
855 2626 1086 2685 δύναμιν,
1125 2625 1170 2670 εἰ
1199 2624 1262 2685 μὴ
1295 2624 1384 2680 νὺξ
1418 2623 1667 2687 ἐπέλαβεν,
1701 2624 1754 2672 ἐν
1789 2619 1820 2687 ᾖ
1847 2626 1923 2673 ‘Pu

475 2710 625 2763 μαῖαι·
667 2698 765 2763 μὲν
816 2702 885 2758 είς
929 2702 1018 2763 τὴν
1064 2701 1328 2764 Βαιθώραν
1371 2700 1677 2763 κατέφυγον,
1726 2699 1923 2750 Ἰουδαῖι
