2352 3080
433 259 528 305 300
804 260 914 298 ΤΟΤ
939 258 1238 297 ῙΟΤΔΔΙΚΟΤ
1260 258 1532 296 ΠΟΛΕΜΟΥ

433 374 486 422 δὲ
519 382 602 436 τῆς
631 374 865 438 Ἀγρίππα
898 376 1140 436 βασιλείας
1172 370 1296 434 ἦσαν
1325 373 1630 437 ἀμφότεραι),
1661 373 1851 433 πανταχό-

430 457 524 499 θεν
563 455 678 507 τοὺς
714 450 991 507 Ἰουδαίους
1033 454 1453 514 καταστρέφεσθαι
1498 452 1761 512 διεγνωκὼς
1789 450 1851 508 τὴν

433 528 509 576 ἐπὶ
537 530 740 584 τούτους
768 531 1018 591 στρατείαν
1044 528 1272 590 εὔκαιρον
1297 528 1475 589 ἡγεῖτο,
1500 526 1581 575 καὶ
1608 526 1673 574 δι’
1708 528 1850 589 Αγρίπ-

431 622 543 667 παν,
578 605 642 661 ὡς
674 607 743 661 εἰς
776 603 932 661 ξενίας
965 604 1187 666 ἀμοιβήν,
1220 610 1514 667 σωφρονιῶν
1538 602 1670 667 αὐτῷ
1699 604 1775 659 τὰς
1792 603 1850 649 πό-

433 686 545 738 λεις.
595 682 753 743 <446>
785 681 957 743 πέμπει
983 681 1044 742 δὴ
1069 681 1156 729 τὸν
1182 681 1292 729 υῶν
1325 682 1470 729 Τίτον
1495 682 1566 736 εἰς
1584 679 1850 743 Καισάρειαν,
1873 692 1889 722 ⁵

431 758 691 820 μετάξοντα
733 758 822 819 τὴν
865 757 1055 806 ἐκεῖθεν
1097 757 1327 820 στρατιὰν
1368 759 1439 813 εἰς
1476 759 1795 805 Σκυθόπολιν
1831 754 1851 814 ἣ

433 835 478 883 δ’
516 834 617 882 ἐστὶ
648 837 844 895 μεγίστη
877 841 962 896 τῆς
986 836 1304 890 Δεκαπόλεως
1332 832 1415 882 καὶ
1447 837 1622 895 γείτων
1646 841 1728 896 τῆς
1757 835 1851 893 Τιβε-

433 912 622 973 ριάδος,
662 910 821 972 <447>
854 913 977 959 ἔνθα
1007 909 1089 958 καὶ
1121 911 1268 967 αὐτὸς
1296 913 1686 974 παραγενόμενος
1715 908 1853 971 ἐκδέχε-

431 1006 510 1035 ται
549 988 635 1036 τὸν
674 988 800 1035 υἱόν.
862 986 944 1036 καὶ
990 988 1108 1050 μετὰ
1151 995 1302 1050 τριῶν
1346 987 1604 1050 ταγμάτων
1640 985 1854 1051 προελθὼν

433 1064 857 1127 στρατοπεδεύεται
902 1062 991 1127 μὲν
1035 1064 1130 1112 ἀπὸ
1181 1063 1441 1127 τριάκοντα
1481 1071 1567 1127 τῆς
1616 1063 1855 1128 Τιβεριάδος
1868 1076 1895 1106 ιο

433 1143 665 1204 σταδίων,
708 1141 829 1190 κατά
873 1158 983 1189 τινα
1028 1142 1249 1203 σταθμὸν
1293 1141 1598 1189 εὐσύνοπτον
1635 1150 1734 1197 τοϊς
1770 1157 1855 1188 νεω-

432 1222 668 1282 τερίζουσι
715 1216 1010 1283 (Σενναβρὶς
1054 1216 1384 1282 ὀνομάζεται),
1434 1217 1596 1280 <448>
1633 1218 1787 1281 πέμπει
1818 1212 1857 1262 δὲ

433 1297 730 1358 δεκαδάρχην
755 1294 1065 1358 ’δαλεριανὸν
1098 1297 1192 1342 σὺν
1225 1294 1422 1342 ἱππεῦσι
1449 1297 1756 1357 πεντήκοντα,
1782 1295 1857 1341 δια-

433 1375 791 1434 λεχθησόμενον
830 1372 1049 1434 είρηνικὰ
1087 1379 1190 1428 τοῖς
1218 1372 1339 1420 κατὰ
1370 1372 1460 1433 τὴν
1490 1374 1637 1420 πόλιν
1668 1372 1746 1420 καὶ
1773 1386 1858 1432 προ-

432 1450 728 1510 τρεψόμενον
774 1448 852 1497 ἐπὶ
896 1451 1100 1505 πίστεις·
1146 1449 1339 1510 ἠκηκόει
1384 1450 1476 1510 γὰρ
1524 1450 1592 1505 ὡς
1637 1448 1859 1510 ἐπιθυμοίη
1873 1458 1896 1488 1⁵

433 1522 520 1586 μὲν
560 1526 751 1586 εἰρήνης
789 1526 816 1573 ὁ
856 1527 1029 1589 δῆμος,
1072 1524 1491 1584 καταστασιάζοιτο
1530 1525 1573 1573 δ’
1620 1527 1716 1575 ὑπὸ
1747 1531 1861 1573 τινῶν

433 1605 658 1664 πολεμεῖν
700 1602 1009 1664 βιαζομένων.
1072 1603 1234 1664 (449)
1272 1601 1573 1666 προσελάσας
1605 1602 1647 1650 δ’
1689 1603 1716 1651 ὁ
1740 1602 1863 1650 ’δαλε-

434 1682 621 1742 ριανός,
659 1678 762 1728 ἐπεὶ
794 1682 1000 1741 πλησίον
1031 1676 1094 1740 ἦν
1125 1686 1214 1727 τοῦ
1246 1681 1455 1742 τείχους,
1498 1680 1643 1736 αὐτός
1675 1697 1728 1728 τε
1756 1694 1865 1727 κατα-

433 1759 590 1818 βαίνει
628 1756 709 1804 καὶ
747 1759 862 1813 τοὺς
903 1759 996 1805 σὺν
1028 1757 1159 1820 αὐτῷ
1191 1764 1290 1805 τῶν
1324 1756 1507 1804 ἱππέων
1539 1756 1796 1819 ἀπέβησεν,
1823 1756 1870 1807 ὡς

432 1836 496 1897 μὴ
537 1836 727 1882 δοκοῖεν
772 1833 1203 1898 άκροβολιούμενοι
1247 1842 1484 1896 παρεῖναι.
1546 1832 1629 1882 καὶ
1672 1834 1785 1898 πρὶν
1822 1834 1900 1886 scs-s

433 1915 609 1973 λόγους
648 1912 832 1972 ἐλθεῖν,
875 1910 1192 1958 ἐπεκθέουσιν
1224 1910 1354 1974 αὐτῷ
1385 1918 1486 1958 τῶν
1518 1918 1814 1958 στασιαστῶν
1843 1905 1886 1957 οἱ

433 1988 755 2051 δυνατώτεροι
795 1986 901 2051 μεθ’
950 1988 1131 2036 ὅπλων·
1199 1986 1359 2049 (450)
1381 1985 1609 2048 ·ἐξηγεττο
1648 1985 1691 2033 δ’
1740 1988 1888 2035 αὐτῶν

425 2063 618 2126 Ἰησοῦς
662 2083 735 2121 τις
782 2065 981 2127 ὀνόματι
994 2099 1009 2126 ,
1053 2073 1168 2120 παῖς
1205 2064 1463 2126 Σαφάτου,
1508 2070 1597 2111 τοῦ
1641 2068 1893 2127 λῃστρικοῦ

433 2144 639 2202 στίφους
669 2141 696 2189 ὁ
728 2143 1125 2204 κορυφαιότατος.
1186 2139 1348 2202 <451>
1371 2139 1674 2203 ’ὅαλεριανὸς
1707 2141 1752 2188 δ’
1789 2142 1896 2190 οὔτε

432 2219 560 2280 παρὰ
606 2218 691 2273 τὰς
734 2217 932 2273 ἐντολὰς
981 2225 1071 2267 τοῦ
1116 2224 1386 2281 στρατηγοῦ
1433 2219 1701 2280 συμβαλεῖν
1747 2217 1896 2280 ἄσφα-

433 2293 511 2351 λὲς
563 2293 855 2355 ἡγούμενος,
908 2295 953 2342 εἰ
1001 2293 1082 2342 καὶ
1134 2296 1190 2343 τὸ
1234 2304 1377 2344 νικᾶν
1423 2299 1498 2355 εἴη
1543 2293 1772 2355 βέβαιον,
1823 2294 1899 2342 καὶ

435 2372 678 2435 σφαλερὸν
729 2372 783 2419 τὸ
835 2370 1074 2438 μάχεσθαι
1132 2375 1330 2429 πολλοῖς
1387 2370 1492 2433 μετ’
1549 2371 1732 2432 ὀλίγων
1786 2372 1900 2420 άπα-

434 2450 683 2513 ρασκεύων
747 2466 798 2496 τε
868 2448 990 2511 πρὸς
1056 2445 1305 2511 ἑτοίμους,
1369 2447 1502 2509 <452
1510 2450 1542 2510 >
1600 2447 1681 2496 καὶ
1749 2451 1900 2506 ἄλλως

435 2526 683 2588 ἐκπλαγεὶς
715 2527 835 2590 πρὸς
865 2525 956 2586 τὴν
994 2524 1232 2586 ἀδόκητον
1269 2533 1370 2573 τῶν
1407 2524 1670 2574 Ἰουδαίων
1705 2529 1900 2589 τόλμαν,

435 2606 605 2667 φεύγει
662 2606 826 2666 πεζός,
882 2602 1042 2666 ἕτεροί
1095 2599 1152 2650 θ’
1214 2602 1392 2665 ὁμοίως
1449 2601 1593 2650 πέντε
1650 2606 1772 2660 τσὺς
1830 2606 1900 2651 ἴπ-

424 2697 556 2735 aeovc
597 2679 855 2732 ἀπέλιπον·
900 2679 988 2737 οὓς
1032 2679 1086 2729 οἱ
1126 2678 1236 2742 περὶ
1280 2681 1366 2727 τὸν
1404 2678 1606 2740 Ἰησοῦν
1651 2680 1900 2742 ἀπήγαγον
