2352 3080
486 260 581 305 234
858 262 966 298 ΤΟΤ
995 262 1289 299 ῙΟΤΔΑΙΚΟΤ
1317 261 1585 298 ΠΟΛΕΜΟΥ

485 378 697 433 ἐπιλέξας
725 378 774 424 ἐκ
802 385 889 425 τοῦ
925 380 1102 432 ἔθνους
1132 376 1419 437 κατέστησεν
1448 378 1686 438 ἄρχοντας
1719 378 1826 436 ὅλης
1856 370 1973 428 τῗῖέ

487 457 762 514 Γαλιλαιάς,
803 454 960 515 (571)
996 453 1110 501 ἑπτὰ
1151 453 1196 500 δ’
1242 454 1294 501 ἐν
1335 453 1506 516 ἑκάστῃ
1547 457 1682 501 πόλει
1724 449 1953 502 δικαστάέ1

484 540 581 578 τῶν
615 531 958 592 εὐτελεστέρων
992 533 1261 592 διαφορῶν·
1306 532 1364 579 τὰ
1398 532 1488 592 γὰρ
1524 534 1663 592 μείζω
1698 529 1938 591 πράγματα

484 608 561 656 καὶ
590 610 673 664 τὰς
701 610 904 669 φονικὰς
931 610 1068 663 δίκας
1100 608 1172 669 ἐφ’
1210 607 1381 655 ἑαυτὸν
1409 608 1706 669 ἀναπέμπειν
1733 607 1931 654 ἐκέλευσε

445 714 447 716 ·
485 685 562 732 καὶ
596 688 710 740 τοὺς
751 684 1087 745 ἑβδομήκοντα.
1152 685 1309 745 (572)
1351 685 1765 746 καταστησάμενος
1805 682 1857 731 δὲ
1889 684 1974 729 τάΰ

482 765 601 823 πρὸς
629 762 865 821 ἀλλήλους
888 765 1067 823 νόμιμα
1091 771 1189 809 τῶν
1214 763 1334 809 κατὰ
1361 765 1520 823 πόλιν,
1548 761 1625 809 ε’πὶ
1652 763 1742 822 τὴν
1769 761 1934 818 ἔξωθεν

484 840 643 885 αὐτῶν
677 838 945 898 ἀσφάλειαν
981 837 1168 900 ἐχώρει·
1211 839 1367 899 <573>
1404 839 1484 887 καὶ
1524 840 1811 899 γιγνώσκων
1838 838 1937 884 Ῥω-

483 919 653 976 μαίους
685 919 1106 977 προεμβαλοῦντας
1139 918 1205 971 εἰς
1238 916 1326 976 τὴν
1360 919 1638 976 Γαλιλαίαν,
1671 916 1942 976 τάπιτήδεια

482 1000 579 1038 τῶν
600 995 790 1053 χωρίων
811 993 1042 1054 ἐτείχιζεν,
1056 992 1324 1039 Ἰωτάπατα
1342 992 1421 1039 καὶ
1438 991 1684 1054 Βηρσαβεὲ
1703 991 1785 1038 καὶ
1802 996 1942 1038 Σελα-

482 1072 580 1129 μίν,
609 1071 677 1116 ἔτι
700 1067 751 1116 δὲ
773 1069 1073 1131 Καφαρεκχὼ
1094 1068 1173 1116 καὶ
1194 1069 1340 1130 Ἰαφὰ
1360 1069 1439 1116 καὶ
1462 1071 1655 1131 Σιγώφ,
1683 1073 1738 1118 τό
1758 1087 1811 1116 τε
1833 1069 1946 1116 Ἰτα-
1966 1083 1990 1111 1⁰

482 1146 656 1204 βύριον
688 1147 988 1207 καλούμενον
1022 1149 1134 1208 ὅρος
1165 1146 1244 1194 καὶ
1281 1149 1536 1207 Ταριχαίας
1561 1146 1641 1194 καὶ
1677 1147 1947 1207 Τιβεριάδα.

485 1224 602 1282 πρὸς
630 1221 683 1269 δὲ
709 1224 900 1278 τούτοις
927 1224 984 1269 τὰ
1012 1222 1121 1285 περὶ
1150 1224 1398 1284 Γεννησὰρ
1426 1224 1514 1283 τὴν
1541 1226 1718 1285 λίμνην
1740 1225 1948 1282 σπήλαια

481 1301 598 1346 κατὰ
618 1301 707 1360 τὴν
734 1300 859 1347 κάτω
880 1300 1180 1361 καλουμένην
1208 1303 1470 1347 Γαλιλαίαν
1490 1300 1835 1361 ἀνετειχίσατο,
1869 1307 1949 1360 τῆς

480 1375 522 1420 τ’
555 1377 654 1423 ἄνω
686 1380 942 1431 Γαλιλαίας
968 1377 1055 1436 τήν
1082 1394 1132 1424 τε
1161 1376 1647 1438 προσαγορευομένην
1664 1376 1949 1438 Ἀχαβάρων

480 1452 658 1512 πέτραν
678 1452 757 1498 καὶ
778 1450 887 1513 Σὲφ
909 1452 987 1499 καὶ
1007 1452 1205 1514 Ἰαμνὶθ
1223 1452 1303 1501 καὶ
1323 1454 1538 1513 Μηρώθ·
1573 1453 1733 1514 <574>
1752 1455 1877 1501 κατὰ
1898 1452 1950 1501 δὲ
1970 1468 1990 1497 ιε

480 1529 568 1588 τὴν
597 1531 888 1576 Γαυλανῖτιν
915 1531 1208 1576 Σελεύκειάν
1234 1547 1285 1577 τε
1310 1528 1389 1577 καὶ
1410 1530 1652 1590 Σωγάνην
1677 1529 1758 1577 καὶ
1791 1532 1950 1592 Γάμα-

479 1609 570 1652 λαν
592 1604 862 1667 ὠχύρωσεν.
895 1609 1062 1667 μόνοις
1082 1604 1136 1654 δὲ
1155 1609 1498 1667 Σεπφωρίταις
1518 1606 1664 1668 ἐφῆκε
1691 1606 1806 1654 καθ’
1843 1607 1949 1655 ἑαυ-

480 1686 594 1737 τοὺς
619 1692 772 1744 τεῖχος
799 1683 1165 1745 ἀναδείμασθαι,
1199 1685 1452 1744 χρημάτων
1478 1682 1514 1730 τ’
1552 1684 1792 1743 εὐπόρους
1822 1684 1951 1746 ὁρῶν

481 1762 621 1815 ὄντας
653 1759 733 1807 καὶ
773 1762 1059 1821 προθύμους
1098 1759 1174 1807 ἐπὶ
1214 1761 1300 1807 τὸν
1339 1763 1549 1821 πόλεμον
1589 1762 1699 1821 δίχα
1737 1762 1951 1822 προστά-

480 1854 669 1898 γματος.
696 1837 855 1898 <575>
870 1837 1045 1898 ὁμοίως
1066 1835 1119 1883 δὲ
1139 1835 1218 1884 καὶ
1235 1840 1446 1898 Γίσχαλα
1465 1836 1693 1897 Ἰωάννης
1714 1837 1739 1884 ὁ
1762 1841 1949 1885 Λευίου
1971 1855 1989 1881 2

479 1914 584 1968 υίὸς
610 1913 718 1960 καθ’
755 1912 927 1960 ἑαυτὸν
955 1914 1189 1973 ἐτείχιζεν,
1216 1912 1457 1974 Ἰωσήπου
1484 1913 1816 1969 κελεύσαντος.
1850 1924 1952 1970 τοῖς

482 1988 522 2034 δ’
571 1991 736 2044 ἄλλοις
780 1990 1012 2051 ἐρύμασιν
1051 1990 1195 2045 αὐτὸς
1237 1991 1384 2037 ἅπασι
1427 1998 1689 2051 συμπονῶν
1729 1992 1830 2052 ἅμα
1869 1992 1949 2038 καὶ

479 2067 787 2125 προστάττων
827 2074 996 2127 παρῆν.
1069 2067 1227 2127 <576>
1265 2066 1481 2123 κατέλεξε
1520 2064 1574 2113 δὲ
1612 2066 1692 2114 καὶ
1733 2069 1950 2130 δύναμιν

480 2141 530 2188 ἐκ
563 2149 647 2202 τῆς
680 2145 938 2199 Γαλιλαίας
974 2142 1095 2204 ὑπὲρ
1140 2143 1254 2191 δέκα
1292 2144 1528 2204 μυριάδας
1565 2143 1693 2191 νέων
1733 2144 1948 2207 ἀνδρῶν,

480 2218 565 2273 οὓς
585 2217 766 2274 πάντας
793 2219 844 2266 ἐκ
869 2228 967 2267 τῶν
995 2220 1359 2281 συλλεγομένων
1385 2224 1602 2268 παλαιῶν
1623 2221 1790 2269 ὅπλων
1812 2222 1947 2282 έγκα-
1967 2240 1990 2267 22

477 2297 877 2355 τασκευαζόμενος
910 2297 1121 2354 ὥπλιζεν.

574 2372 732 2432 (577)
767 2375 925 2420 ἔπειτα
960 2375 1175 2421 συνιδὼν
1207 2373 1439 2435 ἀήττητον
1471 2375 1560 2435 τὴν
1586 2373 1841 2436 Ῥωμαίων
1876 2379 1947 2423 ίσ-

477 2453 569 2509 χὺν
613 2450 932 2511 γεγενημένην
976 2451 1223 2512 εὐπειθείᾳ
1262 2453 1465 2512 μάλιστα
1507 2450 1587 2498 καὶ
1632 2451 1805 2513 μελέτῃ
1847 2462 1946 2500 τῶν

479 2526 662 2588 ὅπλων,
696 2529 784 2588 τὴν
818 2525 905 2588 μὲν
939 2529 1252 2576 διδασκαλίαν
1285 2528 1474 2589 ἀπέγνω
1509 2535 1566 2591 τῇ
1600 2531 1737 2591 χρείᾳ
1771 2531 1944 2576 διωκο-

478 2601 648 2663 μένην,
695 2605 748 2651 τὸ
788 2603 831 2651 δ’
878 2602 1099 2659 εὐπειθὲς
1144 2604 1272 2665 ὁρῶν
1314 2607 1715 2666 περιγιγνόμενον
1759 2606 1813 2653 ἐκ
1855 2613 1942 2654 τοῦ
1962 2624 1989 2651 a(

573 2694 597 2737 ἕ
623 2694 703 2729 673
729 2705 789 2742 sq.
819 2712 868 2726 =
895 2692 980 2734 vit.
1007 2692 1086 2733 Ios.
1113 2697 1136 2741 ἓ
1163 2695 1236 2731 187
1267 2705 1326 2741 sq.
