2352 3080
467 240 561 285 226
843 240 951 277 ΤοΤ
978 239 1273 277 ΙοΤΔΑΙΚοΤ
1300 237 1570 275 IIOAEMOT

468 357 617 418 ὁρμῆς
643 365 743 411 τοϊς
770 354 1021 416 Ῥωμαίοις
1047 354 1344 416 προσέπεσον
1375 354 1439 409 ὡς
1466 352 1716 415 διαρρῆξαι
1742 353 1818 407 τὰς
1841 353 1938 399 τοὶ-

469 433 564 489 ξεις
597 434 756 480 αὐτῶν
789 432 869 479 καὶ
904 433 984 478 διὰ
1017 432 1175 493 μέσων
1209 440 1385 492 χωρεῖν
1411 430 1735 492 ἀναιροῦντες.
1773 430 1929 489 <519>

471 513 516 557 εἰ
554 507 607 556 δὲ
646 511 708 571 μὴ
748 516 813 573 τῷ
855 508 1145 569 χαλασθέντι
1186 516 1268 568 τῆς
1308 507 1557 568 φάλαγγος
1597 508 1647 554 οἳ
1684 505 1733 553 θ’
1774 507 1919 560 ἱππεῖς

472 587 859 648 ἐκπεριελθόντες
887 585 1134 646 ἐπήμυναν
1161 585 1241 632 καὶ
1267 593 1366 632 τῶν
1395 587 1550 641 πεζῶν
1576 585 1630 631 τὸ
1651 585 1715 644 μὴ
1742 584 1912 643 σφόδρα

470 666 649 725 καμόν,
700 664 790 710 κᾶν
839 662 1178 709 ἐκινδύνευσεν
1225 663 1310 724 ὅλη
1360 668 1418 724 τῇ
1472 661 1674 722 δυνάμει
1721 658 1903 712 Κέστιος.

472 741 719 788 ἀπέθανον
754 737 808 786 δὲ
834 739 1081 800 Ῥωμαίων
1107 741 1412 786 πεντακόσιοι
1439 737 1694 785 δεκαπέντε
1727 736 1899 799 (τούτων

470 815 592 877 ἦσαν
628 819 678 864 οἱ
706 819 1003 878 τετρακόσιοι
1036 819 1187 877 πεζοί,
1230 818 1283 864 τὸ
1318 814 1372 863 δὲ
1405 817 1578 862 λοιπὸν
1613 813 1798 876 ἱππεῖς),
1825 820 1895 859 τῶν

472 893 526 942 δὲ
555 894 810 941 Ἰουδαίων
837 894 927 941 δύο
960 895 1080 956 πρὸς
1106 903 1206 949 τοῖς
1237 898 1401 940 εἴκοσι.
1467 892 1627 953 <52Ο>
1662 892 1892 951 γενναιότα-

472 989 546 1018 τοι
582 970 621 1017 δ’
664 971 823 1017 αὐτῶν
865 970 1033 1027 ἔδοξαν
1074 972 1125 1017 οἱ
1153 970 1447 1030 Μονοβάζου
1485 977 1574 1017 τοῦ
1608 976 1691 1029 τῆς
1717 968 1891 1025 Ἀδιαβη-

472 1055 560 1108 νῆς
592 1047 824 1108 βασιλέως
858 1057 1121 1108 συγγενεῖς,
1153 1049 1438 1108 Μονόβαζός
1470 1063 1521 1093 τε
1553 1045 1635 1093 καὶ
1662 1045 1891 1097 Κενεδαῖος,
1906 1050 1928 1078 ¹⁰

473 1124 583 1186 μεθ’
625 1125 710 1181 οὓς
743 1125 768 1172 ὁ
804 1128 1042 1186 Περαΐτης
1077 1127 1229 1185 Νίγερ
1262 1123 1342 1171 καὶ
1376 1126 1529 1179 Σίλας
1555 1123 1581 1170 ὁ
1610 1122 1892 1183 Βαβυλώνιος,

474 1203 805 1264 αὐτομολήσας
831 1204 899 1256 εἰς
924 1204 1039 1256 τοὺς
1069 1200 1339 1255 Ἰουδαίους
1365 1199 1441 1247 ἀπ’
1475 1199 1714 1262 Ἀγρίππα
1740 1203 1814 1244 τοῦ
1836 1196 1893 1254 βψ

474 1279 661 1335 σιλέως·
685 1279 987 1342 ἐστρατεύετο
1010 1279 1100 1340 γὰρ
1122 1277 1234 1340 παρ’
1259 1279 1400 1340 αὐτῷ.
1434 1277 1592 1337 <521>
1613 1277 1732 1324 κατὰ
1750 1275 1894 1335 πρόσω·

475 1372 568 1403 πον
602 1354 690 1417 μὲν
724 1353 815 1403 οὖν
843 1355 1159 1410 ἀνακοπέντες
1192 1356 1244 1402 oc
1269 1353 1502 1402 Ἰουδαῖοι
1530 1355 1651 1416 πρὸς
1677 1354 1761 1413 τὴν
1789 1351 1894 1398 πόλιν

474 1432 798 1493 ὑπέστρεφον,
838 1434 1040 1479 κατόπιν
1080 1429 1133 1479 δὲ
1173 1440 1273 1487 τοῖς
1307 1430 1557 1492 Ῥωμαίοις
1591 1429 1669 1477 ἐπὶ
1701 1431 1783 1490 τὴν
1812 1429 1931 1473 Bab-1⁵

475 1513 655 1568 θωρῶν
688 1507 881 1555 ἀνιοῦσι
915 1510 1200 1569 προσπεσὼν
1233 1507 1258 1555 ὁ
1292 1515 1380 1555 τοῦ
1416 1506 1578 1569 Γιώρα
1612 1509 1778 1568 Σίμων
1805 1499 1896 1550 πολὺ

477 1592 560 1644 τῆς
599 1585 827 1646 οὐραγίας
867 1583 1121 1646 ἐσπάραξε,
1167 1578 1271 1631 καὶ’
1288 1585 1440 1646 συχνὰ
1483 1593 1582 1630 τῶν
1625 1583 1898 1643 σκευοφόρων

478 1660 741 1722 ἐξαρπάσας
773 1661 951 1721 ἤγαγεν
986 1663 1054 1716 εἰς
1092 1663 1181 1721 τὴν
1214 1663 1369 1708 πόλιν.
1433 1662 1591 1721 <522>
1625 1661 1839 1721 μένοντος
1864 1647 1899 1698 δὲ

476 1745 564 1785 τοῦ
598 1740 806 1784 Κεστίου
838 1739 957 1785 κατὰ
989 1738 1150 1799 χώραν
1184 1737 1346 1800 τρισὶν
1378 1737 1595 1799 ἡμέραις,
1630 1738 1683 1784 οἰ
1705 1736 1900 1784 Ἰουδαῖοι

477 1816 534 1862 τὰ
567 1814 776 1876 μετέωρα
809 1817 1143 1875 κατειληφότες
1170 1814 1433 1877 ἐπετήρουν
1459 1816 1542 1870 τὰς
1567 1816 1818 1877 παρόδους,
1846 1809 1942 1865 δῆ-”

478 1895 558 1939 λοί
581 1891 620 1939 τ’
653 1888 776 1952 ἦσαν
804 1892 892 1939 οὐκ
918 1892 1235 1953 ἠρεμήσοντες
1262 1890 1540 1953 ἀρξαμένων
1568 1899 1666 1938 τῶν
1693 1889 1905 1952 Ῥωμαίων

478 1968 678 2016 ὁδεύειν.

428 2058 452 2091 3
575 2045 732 2106 <523>
777 2048 898 2093 ἔνθα
941 2047 1000 2106 δὴ
1040 2047 1249 2093 κατιδὼν
1282 2045 1543 2107 Ἀγρίππας
1584 2044 1698 2093 οὐδὲ
1732 2046 1787 2092 τὰ
1825 2042 1910 2089 Ῥω·

479 2123 634 2181 μαίων
677 2122 912 2169 ἀκίνδυνα
955 2123 1174 2183 πλήθους
1220 2122 1421 2184 ἀπείρου
1467 2126 1712 2184 πολεμίων
1752 2123 1808 2168 τὰ
1849 2120 1912 2176 ὅρη

478 2196 796 2260 περιέχοντος,
829 2201 1015 2260 ἔκρινεν
1043 2199 1428 2261 ἀποπειραθῆναι
1456 2208 1553 2247 τῶν
1578 2198 1836 2247 Ἰουδαίων
1859 2195 1945 2242 kd*

479 2289 602 2334 γοις·
643 2273 671 2334 ἢ
705 2275 796 2335 γὰρ
830 2276 1010 2331 πάντας
1048 2279 1233 2323 πείσειν
1266 2275 1565 2324 καταθέσθαι
1600 2278 1686 2324 τὸν
1719 2278 1922 2336 πόλεμον,

480 2351 509 2412 ἢ
542 2359 639 2398 τῶν
673 2350 907 2399 ἐναντίων
933 2352 1221 2413 ἀποστήσειν
1248 2354 1301 2399 τὸ
1329 2353 1392 2415 μὴ
1420 2360 1754 2415 συμφρονοῦν.
1789 2351 1926 2412 (524)

480 2431 687 2489 ἔπεμψεν
721 2425 811 2475 οὖν
843 2436 940 2476 τῶν
972 2428 1081 2490 παρ’
1108 2428 1273 2493 ,ἑαυτῷ
1301 2432 1415 2484 τοὺς
1440 2430 1644 2491 μάλιστα
1672 2432 1930 2492 γνωρίμους

481 2505 706 2566 ἐκείνοις,
752 2509 992 2567 Βορκαῐόν
1037 2523 1088 2552 τε
1134 2505 1213 2553 καὶ
1264 2509 1471 2566 Φοῖβον,
1518 2505 1676 2562 δεξιάς
1720 2523 1773 2554 τε
1818 2506 1933 2566 παρὰ

481 2585 690 2630 Κεστίου
729 2582 808 2630 καὶ
850 2582 1138 2644 συγγνώμην
1172 2584 1299 2643 παρὰ
1326 2581 1575 2643 “Ρωμαίων
1609 2582 1803 2644 ἀσφαλῆ
1838 2581 1936 2643 περὶ

479 2668 577 2705 τῶν
612 2658 953 2721 ἡμαρτημένων
984 2658 1382 2720 ὑπισχνούμενος,
1416 2661 1461 2706 εί
1485 2660 1543 2706 τὰ
1571 2659 1693 2706 ὅπλα
1720 2659 1941 2721 ῥίψαντες

349 2879 507 2897 Α
