2352 3080
511 230 604 276 392
799 231 909 268 ΤοΤ
935 232 1075 270 lom.
1103 232 1232 270 ΠοΛ.
1261 232 1383 269 ΛοΓ.
1410 232 1680 268 ΤΕΤΑΡΤΟΣ

510 346 670 409 μέντοι
712 365 743 407 γ
802 349 869 402 εἰς
907 348 995 407 τὴν
1028 346 1214 409 Ῥώμην
1254 347 1444 408 ὥρμητο
1485 345 1715 407 λήξαντος
1753 352 1841 394 τοῦ
1877 363 1972 407 χει-

508 432 667 485 μῶνος
699 423 991 485 ἀνοίγεσθαι,
1033 423 1112 471 καὶ
1146 424 1265 470 κατὰ
1298 424 1439 485 τάχος
1471 424 1530 470 τὰ
1561 424 1679 483 κατὰ
1719 424 1808 483 τὴν
1839 422 1972 471 Ἀλε-

510 500 764 562 ξάνδρειαν
792 499 969 563 διςόκει,
996 501 1081 547 τὸν
1108 500 1148 547 δ’
1183 502 1294 548 υἱὸν
1329 503 1471 547 Τίτον
1498 501 1613 561 μετὰ
1638 507 1722 560 τῆς
1749 500 1972 563 ἐκκρίτου

407 607 413 616 ·
510 577 758 638 δυνάμεως
791 577 1066 625 ἀπέστειλεν
1100 577 1411 639 ἐξαιρήσοντα
1438 576 1763 638 Ἰεροσόλυμα.
1809 576 1969 637 (659)

510 653 535 701 ὃ
563 651 617 701 δὲ
642 654 899 716 προελθὼν
925 656 1037 716 πεζῇ
1064 653 1200 717 μέχρι
1230 655 1540 708 Νικοπόλεως
1567 652 1739 716 (εἴκοσι
1768 653 1808 701 δ’
1846 654 1968 714 αὕτη
2007 672 2026 702 5

510 730 656 792 διέχει
688 737 772 791 τῆς
802 728 1156 792 Ἀλεξανδρείας
1186 729 1449 793 σταδίους),
1480 731 1708 778 κάκεῖθεν
1741 730 1972 791 ἐπιβήσας

508 808 596 867 τὴν
630 808 859 868 στρατιὰν
890 815 1086 869 μακρῶν
1117 809 1301 855 πλοίων
1334 806 1540 855 ἀναπλεῖ
1562 809 1643 854 διὰ
1669 814 1756 854 τοῦ
1784 810 1969 855 Νείλου

507 885 626 931 κατὰ
667 884 753 932 τὸν
795 884 1080 945 Μενδήσιον
1099 900 1105 904 ·
1121 884 1273 945 νομὸν
1318 882 1456 946 μέχρι
1498 885 1682 940 πόλεως
1728 885 1969 945 Θμούεως.

508 960 667 1021 <660>
708 960 897 1008 ἐκεῖθεν
937 959 977 1007 δ’
1028 960 1212 1022 ἀποβὰς
1245 960 1429 1022 ὁδεύει,
1469 960 1549 1008 καὶ
1583 962 1701 1009 κατὰ
1734 963 1970 1022 πολίχνην

508 1038 617 1085 τινὰ
658 1038 806 1085 Τάνιν
846 1038 1096 1096 αὐλίζεται.
1160 1038 1385 1099 δεύτερος
1420 1038 1548 1101 αὐτῷ
1584 1039 1798 1099 σταθμὸς
1824 1037 1969 1101 Ἡρα-
1990 1058 2024 1087 ιο

508 1113 678 1171 κλέους
715 1117 853 1170 πόλις
895 1113 977 1163 καὶ
1009 1117 1169 1177 τρίτος
1203 1115 1485 1176 Πηλούσιον
1517 1118 1744 1175 γίγνεται.
1808 1115 1969 1176 <661>

510 1190 622 1238 δυσὶ
656 1190 696 1238 δ’
737 1190 934 1253 ἡμέραις
966 1191 1179 1239 ἐνταῦθα
1211 1193 1301 1252 τὴν
1335 1192 1562 1252 στρατιὰν
1595 1189 1877 1252 ἀναλαβών,
1911 1197 1968 1253 τῇ

508 1271 642 1331 τρίτῃ
677 1267 870 1325 διέξεισι
898 1269 982 1324 τὰς
1010 1268 1212 1329 ἐμβολὰς
1241 1277 1328 1314 τοῦ
1357 1271 1655 1329 Πηλουσίου,
1686 1267 1766 1316 καὶ
1797 1272 1968 1327 προελ-

507 1345 617 1391 θὼν
643 1346 861 1407 σταθμὸν
885 1344 972 1392 ἕνα
998 1346 1079 1392 διὰ
1105 1355 1189 1407 τῆς
1218 1346 1394 1407 ἐρήμου
1423 1348 1542 1407 πρὸς
1571 1352 1634 1410 τῷ
1661 1352 1748 1393 τοῦ
1776 1347 1967 1392 Κασίου

508 1423 630 1477 Διὸς
665 1422 775 1485 ἱερῷ
810 1424 1253 1482 στρατοπεδεύεται,
1293 1430 1348 1482 τῇ
1386 1421 1423 1468 6⁰
1467 1422 1694 1485 ὑστεραία
1725 1422 1845 1469 κατὰ
1880 1423 1967 1482 τὴν
1987 1442 2019 1471 15

500 1497 831 1558 Ὀστρακίνην.
895 1494 1036 1554 οὗτος
1071 1499 1094 1546 ὅ
1131 1499 1342 1560 σταθμὸς
1377 1497 1435 1560 ἦν
1470 1500 1702 1560 ἄνυδρος·
1749 1498 1967 1546 ἐπεισάκ-

508 1591 610 1630 τοις
657 1573 702 1620 δ’
751 1574 929 1622 ὕδασιν
975 1578 1026 1623 οί
1067 1578 1312 1637 ἐπιχώριοι
1359 1583 1580 1638 χρῶνται.
1654 1576 1770 1637 μετὰ
1815 1583 1968 1623 ταῦτα

507 1653 626 1712 πρὸς
659 1650 1046 1712 Ῥινοκορούροις
1085 1652 1403 1713 ἀναπαύεται,
1447 1653 1605 1713 <662>
1638 1652 1866 1700 κάκεῖθεν
1901 1654 1967 1707 εἰς

502 1726 731 1788 Ῥάφειαν
764 1731 1021 1789 προελθὼν
1061 1731 1279 1791 σταθμὸν
1318 1728 1545 1790 τέταρτον
1578 1728 1699 1793 (ἔστι
1734 1728 1774 1776 δ’
1817 1729 1847 1789 ἡ
1883 1732 1966 1776 πό-

508 1808 583 1859 λις
622 1804 741 1864 αὕτη
783 1807 969 1867 Συρίας
1008 1804 1171 1868 ἀρχή),
1217 1803 1365 1869 <663)
1397 1806 1451 1853 τὸ
1490 1805 1704 1867 πέμπτον
1743 1806 1798 1855 ἐν
1841 1808 1965 1868 Γάζῃ
1984 1824 2019 1854 20

507 1883 693 1928 τίθεται
729 1882 1065 1944 στρατόπεδον,
1096 1880 1204 1943 μεθ’
1246 1882 1308 1942 ἣν
1335 1883 1403 1938 εἰς
1426 1880 1704 1930 Ἀσκάλωνα
1737 1883 1965 1930 κάκεῖθεν

508 1959 577 2012 εἰς
603 1956 863 2019 Ἰάμνειαν,
896 1956 1034 2005 ἔπειτ’
1077 1959 1145 2013 εἰς
1173 1957 1338 2019 Ἰόπην
1369 1958 1455 2015 κάξ
1482 1957 1647 2020 Ἰόπης
1679 1961 1748 2014 εἰς
1782 1960 1965 2007 Καισά-

508 2050 643 2092 ρειαν
677 2033 967 2095 ἀφικνεῖται,
1007 2035 1278 2095 διεγνωκὼς
1310 2035 1484 2083 αὐτόθι
1518 2037 1603 2092 τὰς
1635 2037 1783 2093 ἄλλας
1815 2037 1964 2084 δυνά-

507 2126 610 2171 μεις
645 2110 902 2169 ἀθροίζειν.
