2352 3080
431 1141 492 1186 10

463 2535 484 2568 2

503 256 595 302 172
872 256 980 293 ΤΟΥ
1007 254 1304 292 ΙοΤΔΑΙΚοΤ
1330 254 1597 292 ΠΟΛΕΜΟΥ

502 374 742 434 διήγειρεν
776 372 1046 432 ἐπιθυμίας.
1114 371 1269 430 <182>
1305 370 1444 431 ἐνῆγε
1478 369 1531 418 δὲ
1558 370 1764 432 μάλιστα
1791 378 1961 418 τοῦτον

503 452 570 504 είς
597 450 764 496 ἐλπίδα
797 452 1040 509 βασιλείας
1061 447 1301 509 “Ηρωδιάς
1327 448 1356 507 ἡ
1395 449 1541 508 γυνή,
1574 449 1961 505 κατονειδίζουσα

502 528 590 586 τὴν
624 526 810 588 ἀργίαν,
848 524 926 572 καὶ
962 524 1147 585 φαμένη
1182 526 1309 586 παρὰ
1342 525 1396 571 τὸ
1430 526 1494 585 μὴ
1528 526 1797 585 βούλεσθαι
1833 529 1963 572 πλεῖν

504 602 579 649 ἐπὶ
614 606 834 664 Καίσαρα
868 605 1201 663 στερίσκεσθαι
1235 604 1450 662 μείζονος
1490 601 1663 663 ἀρχῆς·
1718 603 1844 649 ὅπου
1877 603 1962 663 γὰρ

499 679 761 741 Ἀγρίππαν
795 678 841 734 ἐξ
877 679 1073 724 ἰδιώτου
1108 678 1304 737 βασιλέα
1337 680 1608 739 πεποίηκεν,
1643 675 1673 738 ἦ
1706 680 1804 726 πού
1833 678 1876 739 γ’
1909 680 1964 726 ἂν
1996 692 2011 722 ⁵

505 756 688 803 ἐκεῖνον
729 756 1090 814 διαναστήσειεν
1137 754 1187 801 ἐκ
1233 754 1506 817 τετράρχου.
1573 755 1734 816 (183)
1779 757 1967 810 τούτοις

504 831 814 888 ἀναπεισθεὶς
828 831 1047 893 Ἡρώδης
1067 828 1289 894 ἧκεῖπρὸς
1311 832 1482 893 Γάιον,
1513 831 1604 893 ὑφ’
1636 828 1696 880 οὗ
1729 839 1815 893 τῆς
1836 836 1967 880 πλεο-

504 908 661 965 νεξίας
695 907 961 969 ἐπιτιμᾶται
989 915 1121 970 φυγῇ
1153 910 1220 963 είς
1246 907 1509 956 Ἱσπανίαν·
1544 909 1855 969 ἠκολούθησε
1882 910 1968 970 γὰρ

506 986 634 1049 αὐτῷ
667 988 928 1046 κατήγορος
951 984 1229 1046 Ἀγρίππας,
1262 980 1300 1049 ᾦ
1333 984 1413 1032 καὶ
1446 987 1534 1046 τὴν
1565 989 1854 1048 τετραρχίαν
1886 987 1970 1046 τὴν

508 1062 693 1109 ἐκείνου
728 1061 1000 1123 προσέθηκε
1034 1061 1192 1117 Γάιος.
1989 1076 2021 1107 10

603 1141 761 1200 (184)
794 1138 872 1186 καὶ
900 1138 1120 1201 Ἡρώδης
1152 1136 1241 1200 μὲν
1274 1139 1327 1186 ἐν
1352 1138 1583 1202 Ἱσπανίᾳ,
1622 1142 1973 1201 συμφυγούσης

506 1216 634 1280 αὐτῷ
681 1215 761 1263 καὶ
809 1223 891 1276 τῆς
937 1218 1184 1277 γυναικός,
1232 1219 1444 1279 τελευτᾷ·
1492 1216 1638 1272 Γάιος
1684 1214 1738 1264 δὲ
1785 1220 1972 1279 Καῖσαρ

506 1291 583 1339 ἐπὶ
616 1300 850 1340 τοσοῦτον
885 1292 1135 1355 ἐξύβρισεν
1168 1294 1236 1347 εἰς
1269 1294 1357 1353 τὴν
1389 1294 1539 1354 τύχην
1572 1293 1694 1340 ὥστε
1727 1295 1852 1341 θεὸν
1886 1292 1970 1355 μὲν
2027 1346 2029 1352 ,

506 1370 654 1416 αὑτὸν
694 1369 773 1416 καὶ
817 1370 979 1417 δοκεῖν
1024 1370 1293 1430 βούλεσθαι
1337 1369 1417 1417 καὶ
1463 1374 1739 1430 καλεῖσθαι,
1787 1379 1887 1419 τῶν
1929 1370 1968 1417 τ’

508 1446 859 1505 εὐγενεστάτων
892 1445 1086 1507 ἀνδρῶν
1112 1445 1435 1509 ἀκροτομῆσαι
1460 1448 1549 1508 τὴν
1576 1449 1800 1508 πατρίδα,
1830 1448 1969 1495 ἐκτεῖ-
1987 1434 2029 1500 nd,

508 1539 589 1569 ναι
618 1520 672 1569 δὲ
698 1524 785 1583 τὴν
813 1522 1036 1584 ἀσέβειαν
1062 1523 1143 1571 καὶ
1171 1523 1247 1571 ἐπὶ
1268 1523 1549 1579 Ἰουδαίους.
1593 1524 1751 1586 <185>
1782 1526 1972 1587 Πετρώ-

509 1616 619 1646 νιον
652 1597 740 1659 μὲν
774 1596 865 1648 οὖν
890 1602 1007 1662 μετὰ
1034 1610 1259 1663 στρατιᾶς
1286 1600 1364 1648 ἐπὶ
1390 1599 1739 1663 Ἱεροσολύμων
1768 1604 1972 1663 ἔπεμψεν

510 1676 923 1737 ἐγκαθιδρύσοντα
950 1684 1016 1741 τῷ
1043 1684 1140 1741 ναςῑ
1170 1680 1284 1733 τοὺς
1311 1676 1601 1739 ἀνδριάντας
1628 1679 1798 1739 αὐτοῦ,
1827 1691 1969 1741 προσ-

510 1753 671 1814 τάξας,
718 1756 763 1801 εἰ
800 1755 863 1815 μὴ
904 1754 1122 1815 δέχοιντο
1159 1754 1405 1815 Ἰουδαῖοι,
1449 1756 1564 1810 τούς
1605 1771 1657 1801 τε
1697 1757 1972 1810 κωλύοντας

510 1830 699 1878 ἀνελεῖν
732 1830 811 1877 καὶ
845 1841 941 1878 πᾶν
975 1832 1029 1878 τὸ
1062 1832 1234 1879 λοιπὸν
1274 1833 1421 1886 ἔθνος
1461 1831 1972 1893 ἐξανδραποδίσασθαι.
1988 1841 2030 1880 η’

512 1908 669 1968 <186>
703 1913 804 1971 θεῷ
840 1907 884 1955 δ’
916 1909 1011 1969 ἄρα
1037 1916 1135 1955 τῶν
1162 1908 1540 1970 προσταγμάτων
1574 1910 1722 1969 ἔμελε.
1768 1907 1850 1956 καὶ
1883 1912 1974 1955 Πε-

510 1983 713 2045 τρώνιος
759 1983 847 2046 μὲν
895 1988 987 2033 σὺν
1033 1983 1163 2047 τρισὶ
1202 1985 1409 2046 τάγμασι
1447 1983 1527 2032 καὶ
1567 1989 1766 2041 πολλοῖς
1806 1985 1857 2033 ἐκ
1896 1992 1976 2046 τῆς

511 2063 698 2123 Συρίας
738 2061 1003 2123 συμμάχοις
1043 2064 1112 2117 είς
1151 2063 1238 2122 τὴν
1275 2060 1514 2109 Ἰουδαίαν
1552 2063 1766 2121 ἤλαυνεν
1808 2062 1860 2111 ἐκ
1898 2069 1977 2123 τῆς

507 2135 813 2198 Ἀντιοχείας,
855 2139 1011 2197 <187>
1045 2138 1298 2186 Ἰουδαίων
1338 2137 1379 2185 δ’
1428 2140 1481 2186 οἳ
1509 2136 1598 2199 μὲν
1638 2138 1878 2198 ἠπίστουν
1911 2141 1977 2186 ἔτι

511 2222 614 2269 ταῖς
660 2221 747 2261 τοῦ
794 2213 1006 2275 πολέμου
1053 2217 1259 2277 φήμαις,
1307 2217 1359 2263 οἳ
1401 2212 1455 2262 δὲ
1500 2216 1811 2272 πιστεύοντες
1856 2214 2030 2277 ἦσανΙ

513 2290 564 2337 ἐν
605 2290 830 2354 ἀμηχάνῳ
874 2292 993 2353 πρὸς
1031 2293 1120 2352 τὴν
1159 2293 1363 2353 ἄμυναν.
1428 2295 1546 2353 ταχὺ
1596 2292 1637 2339 δ’
1685 2292 1856 2355 ἐχώρει
1901 2294 1978 2339 διὰ

511 2369 706 2415 πάντων
745 2370 798 2415 τὸ
841 2368 968 2430 δέος,
1014 2370 1106 2429 ἤδη
1146 2370 1392 2430 παρούσης
1431 2371 1498 2424 εἰς
1537 2370 1626 2429 τὴν
1669 2367 2006 2432 Πτολεμαΐδα

512 2453 595 2506 τῆς
628 2455 863 2507 στρατιᾶς,

612 2524 768 2583 <188>
793 2525 943 2578 Πόλις
970 2522 1012 2569 δ’
1050 2522 1181 2571 ἐστὶν
1208 2523 1327 2583 αὕτη
1355 2530 1439 2584 τῆς
1464 2525 1720 2579 Γαλιλαίας
1746 2524 1982 2586 παράλιος

617 2640 639 2682 ξ
656 2640 728 2674 182
743 2655 792 2669 ==
807 2638 899 2676 Ant.
921 2637 1008 2676 Iud.
1030 2636 1161 2676 XVIII
1181 2640 1268 2676 241.
1322 2641 1344 2685 ξ
1367 2640 1441 2676 183
1456 2655 1505 2670 ==
1519 2637 1613 2676 Ant.
1635 2636 1722 2677 Iud.
1744 2636 1880 2677 XVIH
1894 2640 1981 2677 252.

508 2691 532 2733 §
553 2691 629 2726 185
658 2705 707 2719 =
734 2687 827 2727 Ant.
857 2687 943 2727 Iud.
972 2687 1101 2727 XVIII
1122 2692 1208 2728 261.
