2352 3080
431 257 488 296 Vl
1010 258 1322 298 PRAEFATIO.

431 378 599 436 gatum
622 378 818 435 textum,
849 375 932 437 qui
958 376 1130 423 nititur
1153 375 1394 422 codicibus
1417 391 1475 420 ex
1502 376 1698 432 utroque
1721 381 1883 430 gwere

431 450 607 498 mixtis.
671 451 878 499 Enotavi
915 456 1073 499 antem
1110 454 1408 514 praeeipuam
1448 448 1660 497 lectionis
1695 445 1883 491 wneb-

432 527 673 587 tem31sed
703 531 757 576 ut
788 528 926 589 plene
955 533 1299 591 cognoscantur
1331 544 1451 589 quae
1481 526 1541 573 ad
1571 523 1883 586 quaestionem

431 604 490 650 de
521 604 733 652 codicum
763 606 855 653 fide
887 609 1031 667 atque
1062 607 1345 653 auctoritate
1375 605 1625 666 perfluat,
1657 597 1884 647 adeundus

431 681 525 729 erit
553 680 746 729 Niesius
779 682 900 744 ipse,
939 683 1074 729 euius
1113 683 1343 744 praefatio
1381 678 1646 728 admirabili
1682 674 1883 724 acumine

430 759 481 805 et
511 757 729 820 diligenti
759 775 871 806 cura
902 760 1163 820 composita
1191 762 1278 806 est.

529 834 720 881 Praeter
744 840 925 896 septem
950 837 1130 882 codioes
1155 852 1275 897 quos
1300 836 1413 895 dixi,
1436 832 1629 881 Niesius
1653 829 1885 877 enumerat

434 910 607 972 viginti
638 914 841 972 quatuor
873 913 1006 972 alios,
1038 929 1159 973 quos
1190 913 1269 959 hic
1293 913 1393 958 illic
1417 910 1636 971 inspexit,
1664 922 1770 953 cum
1791 918 1885 951 non

433 989 559 1034 esset
577 1002 745 1047 operae
765 989 969 1049 pretium
987 990 1200 1051 integros
1233 989 1455 1036 conferre.
1504 987 1581 1033 Ex
1599 985 1727 1031 hisce
1746 996 1887 1028 unum

433 1076 521 1125 ego
554 1079 743 1125 quoque
779 1064 906 1112 haud
944 1066 1176 1112 incuriose
1214 1064 1514 1126 perlustravi,
1556 1061 1758 1109 codicem
1787 1058 1886 1103 dico

435 1138 792 1201 Lugdunensem
823 1141 900 1188 vel
924 1141 1210 1188 Vossianum
1242 1139 1449 1203 (layci),
1481 1154 1620 1199 quem
1643 1135 1888 1184 Durievius

435 1215 773 1264 officiosissime
820 1216 1220 1264 Amstelodamum
1257 1218 1471 1276 miserat,
1516 1218 1571 1261 ut
1602 1229 1685 1275 per
1714 1212 1890 1272 aliquot

435 1307 616 1341 menses
662 1309 719 1340 eo
764 1296 931 1340 uterer.
997 1292 1090 1340 Sed
1134 1294 1192 1340 de
1236 1294 1327 1340 hoc
1369 1293 1494 1340 libro
1536 1290 1725 1337 Niesius
1769 1285 1889 1334 haud

434 1369 575 1416 nimis
607 1370 852 1430 magnifice
885 1371 1048 1417 sentit:
1087 1370 1197 1416 audi
1228 1371 1385 1430 ipsum
1415 1386 1460 1430 p.
1492 1365 1707 1415 XLVHI:
1750 1362 1891 1425 ‘prio-

433 1460 510 1492 res
537 1444 754 1507 editores,
784 1446 983 1493 maxime
1009 1446 1281 1493 Dindorfius
1307 1450 1355 1492 et
1381 1446 1634 1505 BekkeruS,
1662 1442 1889 1490 Vossiano

438 1520 545 1581 plus
578 1536 726 1582 aequo
765 1522 1053 1583 tribuerunt3
1095 1538 1192 1569 non
1222 1538 1371 1583 pauca
1401 1523 1526 1568 enim
1557 1536 1736 1579 eorum,
1776 1531 1891 1578 quae

436 1597 565 1644 solus
599 1598 829 1660 praebuit,
860 1614 965 1645 cum
990 1599 1372 1659 probabilitatem
1398 1598 1629 1659 quandam
1654 1594 1890 1653 haberent,

434 1673 637 1721 editores
676 1678 967 1735 receperunt,
1010 1675 1059 1721 id
1092 1674 1217 1735 quod
1248 1675 1439 1721 minime
1470 1673 1761 1736 probandum
1793 1684 1891 1716 esse

437 1754 642 1812 apparet.
679 1766 737 1797 ex
770 1750 837 1797 eis
870 1751 995 1797 enim
1028 1767 1146 1811 quae
1179 1767 1320 1812 supra.
1352 1754 1568 1812 excerpta
1602 1752 1725 1811 sunt,
1757 1762 1894 1807 appa-

436 1830 522 1889 ret,
555 1826 776 1875 Vossiani
812 1827 1125 1875 recensionem
1159 1844 1186 1874 a
1218 1827 1355 1875 docto
1389 1828 1547 1888 aliquo
1580 1825 1768 1874 homine
1798 1837 1895 1869 non

437 1902 536 1950 sine
568 1905 831 1951 temeritate
869 1920 970 1951 esse
1010 1905 1286 1966 confectam3
1326 1921 1470 1965 quare
1503 1905 1545 1951 si
1577 1902 1689 1964 quid
1721 1899 1893 1947 rectius

438 1979 621 2025 tradere
654 1979 857 2039 videtur,
899 1979 947 2025 id
985 1981 1274 2041 conjecturae
1315 1985 1395 2028 aut
1434 1980 1564 2028 casui
1595 1976 1896 2025 tribuendum

438 2053 566 2100 erit.'
633 2052 831 2115 Scilicet¹
859 2068 983 2100 nunc
1015 2070 1200 2114 quoque
1238 2073 1327 2104 usu
1363 2058 1491 2105 venit
1524 2055 1649 2116 quod
1681 2055 1731 2099 in
1763 2067 1897 2111 supe-

438 2129 643 2177 rioribus
696 2128 1012 2176 voluminibus
1065 2131 1314 2191 aliquoties
1362 2133 1707 2181 observavimus
1722 2166 1734 2190 ,
1785 2144 1897 2174 nam

440 2205 568 2252 omni
601 2220 713 2251 cane
737 2205 870 2265 peius
897 2208 944 2251 et
970 2221 1120 2267 angue
1147 2210 1314 2257 metuit
1341 2210 1431 2257 sibi
1457 2208 1644 2256 Niesius
1672 2206 1730 2253 ab
1756 2204 1898 2250 libra-

440 2281 616 2329 riorum
657 2281 945 2329 coniecturis
1020 2282 1250 2343 Equidem
1295 2290 1369 2334 sat
1413 2285 1585 2332 multas
1631 2282 1801 2344 probas
1849 2284 1897 2326 et

438 2357 708 2418 probabiles
747 2357 969 2404 lectiones
1014 2375 1068 2406 ex
1101 2360 1401 2424 Lugdunensi
1441 2362 1563 2408 libro
1596 2359 1712 2406 mihi
1745 2372 1897 2404 excer-

438 2434 588 2495 psisse
627 2432 788 2480 videor
825 2437 872 2480 et
911 2434 1002 2495 ipsi
1040 2436 1257 2502 lectores,
1306 2439 1348 2485 si
1386 2437 1733 2485 adnotationem
1771 2432 1897 2480 criti-

438 2525 538 2557 cam
586 2509 812 2571 inspicere
856 2511 1109 2575 voluerint,
1159 2515 1283 2562 facili
1326 2531 1467 2576 opera
1512 2513 1734 2573 poterunt
1780 2509 1896 2555 diiu-

438 2584 591 2633 dicare
622 2588 805 2633 rectene
838 2587 1042 2651 fecerim,
1086 2589 1210 2649 quod
1248 2589 1372 2635 hunc
1410 2589 1585 2635 librum
1615 2587 1756 2648 paulo
1789 2601 1896 2633 con—

440 2662 643 2708 stantius
682 2662 906 2709 consului.
973 2662 1189 2711 Ceterum
1230 2667 1301 2711 est
1343 2664 1532 2711 minime
1572 2662 1739 2709 inutile
1773 2662 1899 2722 quod
