2352 3080
429 381 451 414 6

480 250 574 296 164
851 249 958 287 ΤΟΤ
984 246 1280 286 ΙΟΤΔΑῙΚΟΤ
1307 248 1576 286 ΠΟΛΕΜΟΥ

576 371 732 430 <134>
767 377 863 416 τῶν
896 365 984 428 μὲν
1019 362 1109 413 οὗν
1143 366 1304 411 ἄλλων
1338 364 1427 411 οὐκ
1461 366 1592 412 ἔστιν
1627 366 1652 412 ὅ
1682 383 1727 412 τι
1753 367 1808 427 μὴ
1830 372 1903 412 τῶν

479 448 771 508 ἐπιμελητῶν
817 442 1186 508 προσταξάντων
1233 441 1507 503 ἐνεργοῦσι·
1562 443 1653 490 δύο
1697 441 1748 490 δὲ
1788 450 1905 490 ταῦτα

478 524 584 586 παρ’
627 525 790 579 αὐτοῖς
823 520 1121 580 αὐτεξούσια,
1155 518 1405 581 ἐπικουρία
1437 518 1519 566 καὶ
1547 520 1689 575 ἔλεος.
1742 523 1907 581 βοηθεῖν

477 619 530 649 τε
563 602 654 663 γὰρ
687 610 788 656 τοῖς
820 598 983 660 ἀξίοις,
1017 597 1195 644 ὁπόταν
1229 595 1446 657 δέωνται,
1479 595 1560 643 καὶ
1592 595 1702 644 καθ’
1744 596 1907 649 ἑαυτοὺς

480 678 664 739 ἐφίεται
696 676 777 724 καὶ
809 676 995 738 τροφὰς
1027 672 1379 736 ἀπορουμένοις
1417 672 1627 734 ὀρέγειν,
1671 676 1755 729 τὰς
1790 674 1826 721 δ’
1859 673 1943 725 εἰςῡ

478 757 593 810 τοὺς
633 761 882 814 συγγενεῖς
923 752 1200 813 μεταδόσεις
1235 750 1334 797 οὐκ·
1363 749 1513 807 ἔξεστι
1552 756 1796 799 ποιεῖσθαι
1826 753 1908 810 δίχα
1974 809 1976 812 ¹

478 840 577 877 τῶν
611 830 893 892 ἐπιτρόπων.
960 829 1117 888 <135>
1157 827 1304 889 ὀργῆς
1341 830 1506 888 ταμίαι
1546 829 1746 890 δίκαιοι,
1776 830 1908 889 θυμοῦ

479 910 771 968 καθεκτικοί,
804 909 1008 961 πίστεως
1041 905 1320 967 προστάται,
1353 905 1545 965 εἰρήνης
1569 905 1816 967 ὑπουργοί.
1851 899 1908 950 καὶ

480 993 577 1031 πᾶν
612 982 698 1045 μὲν
731 985 785 1031 τὸ
828 981 979 1046 ῥηθὲν
1018 980 1096 1028 ὑπ’
1147 980 1307 1028 αὐτῶν
1342 982 1654 1043 ἰσχυρότερον
1687 982 1847 1044 ὅρκου,
1871 978 1908 1024 τὸ
1973 1013 1976 1017 ,

482 1060 522 1107 δ’
566 1061 765 1122 ὀμνύειν
797 1063 1142 1122 περιίστανται,
1174 1060 1337 1119 χεῖρόν
1368 1075 1415 1104 τι
1449 1064 1532 1119 τῆς
1559 1057 1799 1120 ἐπιορκίας
1821 1058 1910 1105 ὑπο-
1922 1068 1947 1097 1·
1973 1066 1976 1071 ’

481 1137 831 1199 λαμβάνοντες·
865 1138 957 1197 ἤδη
991 1137 1083 1197 γὰρ
1116 1136 1455 1194 κατεγνῶσθαί
1483 1147 1603 1196 φασι
1636 1137 1693 1183 τὸ
1720 1131 1911 1183 ἀπιστούν

482 1232 629 1276 μενον
657 1216 766 1276 δίχα
791 1219 927 1262 θεοῦ.
987 1212 1145 1273 (136)
1172 1211 1494 1269 σπουδάζουσι
1523 1211 1567 1258 δ’
1603 1211 1808 1268 ἐκτόπως
1830 1203 1911 1267 περὶ

481 1293 540 1339 τὰ
572 1300 670 1340 τῶν
703 1294 920 1338 παλαιῶν
955 1287 1316 1351 συγγράμματα,
1348 1289 1553 1350 μάλιστα
1584 1290 1644 1336 τὰ
1670 1291 1787 1352 πρὸς
1817 1281 1913 1346 ὠφέ-

482 1373 617 1416 λειαν
663 1374 819 1428 ψυχῆς
857 1365 938 1413 καὶ
978 1367 1197 1427 σώματος
1244 1364 1527 1426 ἐκλέγοντες.
1593 1368 1741 1415 ἔνθεν
1782 1366 1915 1413 αὐτοῖς
1973 1406 1976 1408 .

482 1446 601 1507 πρὸς
633 1445 898 1505 θεραπείαν
924 1448 1099 1490 παθῶν
1126 1442 1251 1503 ῥίζαι
1277 1442 1314 1489 τ’
1356 1441 1655 1506 άλεξητήριοι
1682 1443 1761 1490 καὶ
1787 1445 1914 1490 λίθων
1929 1442 1976 1476 1⁸·

485 1521 718 1580 ἰδιότητες
751 1519 1117 1582 ἀνερευνῶνται.

581 1597 740 1657 (137)
792 1603 857 1660 τῷ
913 1594 966 1643 δὲ
1012 1599 1233 1656 ζηλοῦντι
1280 1597 1368 1656 τὴν
1414 1597 1602 1658 αἳρεσιν
1647 1598 1805 1645 αὐτῶν
1847 1591 1915 1641 οὐκ

466 1673 635 1732 ,εὐθὺς
669 1673 697 1734 ἡ
731 1674 967 1736 πάροδος,
1001 1672 1100 1721 ἀλλ’
1122 1672 1210 1721 ,ἐπ’
1253 1672 1476 1721 ἐνιαυτὸν
1510 1673 1596 1730 ἔξω
1630 1674 1821 1735 μένοντι
1849 1670 1917 1729 τὴν

482 1750 634 1810 αὐτὴν
666 1743 980 1797 ὑποτίθενται
1016 1751 1227 1811 δίαιταν,
1268 1749 1516 1812 ἀξινάριόν
1547 1767 1600 1797 τε
1630 1750 1712 1799 καὶ
1744 1751 1795 1799 τὸ
1826 1763 1918 1809 ποθ’

482 1826 737 1888 ειρημένον
770 1830 1009 1888 περίζωμα
1040 1826 1120 1874 καὶ
1155 1828 1330 1887 λευκὴν
1357 1827 1538 1887 ἐσθῆτα
1565 1828 1743 1883 δόντες.
1788 1824 1921 1887 (138)
1939 1819 1977 1859 fl

482 1903 678 1951 ἐπειδὰν
725 1902 779 1951 δὲ
818 1905 974 1967 τούτῳ
1020 1911 1085 1968 τῷ
1133 1907 1291 1968 χρόνῳ
1332 1912 1502 1966 πεῖραν
1548 1903 1818 1967 ἐγκρατείας
1853 1902 1922 1964 δῷ,

482 1984 702 2043 πρόσεισι
736 1979 824 2042 μὲν
859 1983 1022 2042 ἔγγιον
1055 1988 1112 2043 τῇ
1152 1982 1313 2043 διαίτῃ
1350 1980 1432 2028 καὶ
1463 1981 1816 2043 καθαρωτέρων
1844 1985 1922 2026 τῶν

484 2058 602 2118 πρὸς
643 2057 841 2116 ἁγνείαν
880 2057 1072 2104 ὑδάτων
1112 2058 1481 2119 μεταλαμβάνει,
1526 2056 1924 2120 παραλαμβάνεται

485 2132 530 2178 δ’
584 2135 652 2188 εἰς
698 2134 781 2188 τὰς
829 2134 1117 2194 συμβιώσεις
1164 2133 1366 2182 οὐδέπω.
1430 2135 1547 2195 μετὰ
1592 2135 1685 2197 γὰρ
1731 2136 1818 2195 τὴν
1859 2138 1929 2193 τῆς

484 2212 734 2271 καρτερίας
768 2209 996 2266 ἐπίδειξιν
1031 2210 1175 2259 δυσὶν
1207 2212 1372 2267 ἄλλοις
1405 2212 1530 2259 ἔτεσι
1565 2212 1621 2258 τὸ
1660 2208 1785 2272 ἦθος
1815 2212 1932 2258 δοκι·
1946 2215 1977 2256 1

485 2286 689 2346 μάζεται,
721 2284 802 2332 καὶ
837 2285 1008 2347 φανεὶς
1040 2286 1172 2344 ἄξιος
1206 2288 1359 2343 οὕτως
1385 2289 1453 2344 εἰς
1479 2288 1564 2335 τὸν
1592 2288 1763 2350 ὅμιλον
1793 2288 1935 2349 ἐγκρί·

485 2380 631 2410 νεται.
695 2363 852 2424 <139>
892 2362 1009 2426 πρὶν
1056 2362 1108 2412 δὲ
1152 2372 1236 2426 τῆς
1272 2372 1438 2426 κοινῆς
1481 2365 1701 2421 ἅψασθαι
1753 2372 1938 2427 τροφῆς,

486 2440 660 2502 ὅρκους
698 2440 862 2496 αὐτοῖς
900 2442 1077 2502 ὄμνυσι
1118 2442 1397 2504 φρικώδεις,
1444 2450 1636 2503 πρῶτον
1683 2440 1773 2503 μὲν
1818 2443 1940 2490 εὐσε-

487 2519 653 2576 βήσειν
699 2519 753 2565 τὸ
786 2522 949 2578 θεῖον,
996 2520 1156 2565 ἔπειτα
1194 2520 1253 2565 τὰ
1293 2520 1411 2581 πρὸς
1450 2518 1746 2580 ἀνθρώπους
1789 2521 1942 2567 δίκαια

488 2593 801 2654 διαφυλάξειν
833 2593 913 2643 καὶ
946 2597 1061 2656 μήτε
1094 2596 1213 2643 κατὰ
1244 2596 1442 2657 γνώμην
1470 2594 1676 2656 βλάψειν
1701 2597 1812 2644 τινὰ
1838 2595 1935 2659 μήτ’
1960 2614 1977 2646 ι

490 2668 535 2724 ἐξ
591 2670 923 2733 ἐπιτάγματος,
976 2674 1196 2733 μισήσειν
1249 2671 1288 2719 δ’
1346 2671 1418 2720 ἀεὶ
1466 2675 1582 2729 τοὺς
1627 2673 1828 2730 ἀδίκους
1869 2673 1945 2721 καὶ
