2352 3080
433 237 527 282 238
809 237 918 274 To‘r
946 237 1242 274 IOTAAIKOT
1267 236 1538 272 ΠΟΛΕΜΟΥ

434 354 589 400 πάντα
622 355 740 413 πρὸς
767 352 1006 412 Ἰώσηπον
1041 355 1107 407 εἰς
1142 354 1398 413 Ταριχαίας
1433 351 1669 412 ἐκόμισαν.
1725 346 1840 407 <59ἶ>

433 431 457 483 ὃ
493 428 546 477 δὲ
580 430 883 491 μεμψάμενος
916 431 1075 476 αὐτῶν
1114 430 1168 475 τὸ
1207 430 1326 490 πρὸς
1366 431 1480 483 τοὺς
1514 429 1770 488 βασιλικοὺς
1794 425 1842 483 βί-

433 526 556 566 αιον,
590 510 756 566 τίθησι
789 507 847 553 τὰ
880 505 1172 566 κομισθέντα
1205 507 1333 566 παρὰ
1360 513 1426 569 τῷ
1455 505 1757 565 δυνατωτάτῳ
1777 507 1844 547 τῶν

440 588 483 630 Τ
478 592 768 645 αριχαιατῶν
799 582 1016 645 Ἀνναίῳ,
1050 582 1229 643 πέμψαι
1256 583 1375 630 κατὰ
1401 583 1573 644 καιρὸν
1599 591 1696 636 τοῖς
1720 578 1844 626 δεσπό-

432 679 536 716 ταις
581 661 979 721 προαιρούμενος·
1035 660 1060 706 ὃ
1107 661 1166 719 δὴ
1213 658 1439 720 μέγιστον
1487 660 1617 722 αὐτῷ
1662 658 1874 704 κίνδυνονῑ

433 739 681 797 ἐπήγαγεν.
747 737 903 796 <598>
940 738 991 783 οἱ
1020 737 1112 798 γὰρ
1147 736 1445 797 ἁρπάσαντες
1476 737 1573 797 ἅμα
1605 733 1691 797 μὲν
1722 731 1783 780 ἐπὶ
1804 735 1847 791 τῷ

433 817 663 875 μηδεμιᾶς
708 823 871 875 τυχεῖν
917 815 1111 874 μερίδος
1158 814 1208 860 ἐκ
1246 821 1346 861 τῶν
1385 811 1735 874 κεκομισμένων
1770 809 1849 867 ἀγα-

433 897 740 950 νακτοῦντες,
781 892 877 951 ἅμα
911 888 963 937 δὲ
996 889 1076 937 καὶ
1117 890 1500 952 προσκεψάμενοι
1533 897 1621 936 τοῦ
1655 887 1849 945 Ἰωσήπου

433 970 520 1028 τὴν
563 967 808 1028 διάνοιαν,
856 968 929 1014 ὅτι
973 967 1138 1028 μέλλοι
1180 976 1282 1022 τοῖς
1328 970 1580 1028 βασιλεῦσι
1620 967 1703 1013 τὸν
1739 965 1850 1010 πόνον

433 1045 592 1092 αὐτῶν
626 1048 924 1106 χαρίζεσθαι,
967 1045 1156 1106 νύκτωρ
1193 1047 1267 1099 εἰς
1299 1045 1383 1099 τὰς
1413 1045 1575 1105 κώμας
1607 1043 1760 1090 αὑτῶν
1786 1035 1874 1085 ὃιέἸ

434 1123 634 1182 δραμον,
666 1121 745 1168 καὶ
773 1131 921 1168 πᾶσιν
948 1121 1278 1168 ἐνεδείκνυντο
1305 1123 1390 1168 τὸν
1417 1120 1657 1181 Ἰώσηπον
1691 1120 1748 1173 ὡς
1771 1131 1852 1173 προ·

435 1200 592 1259 δότην.
660 1198 925 1259 ἐνέπλησαν
952 1197 1006 1246 δὲ
1032 1197 1112 1245 καὶ
1139 1199 1223 1253 τὰς
1256 1201 1460 1258 πλησίον
1487 1201 1650 1252 πόλεις
1675 1199 1852 1255 ταραχῆς,

435 1276 553 1323 ὥσθ’
598 1276 693 1323 ὑπὸ
734 1276 821 1335 τὴν
861 1275 922 1321 ἕω
963 1274 1077 1321 δέκα
1119 1276 1357 1336 μυριάδας
1396 1274 1605 1322 ὁπλιτῶν
1641 1272 1706 1321 ἐπ’
1744 1269 1853 1318 αὐτὸν

435 1355 739 1413 συνδραμεῖν.
806 1352 963 1412 <599>
1007 1351 1086 1399 καὶ
1126 1353 1179 1399 τὸ
1223 1349 1311 1413 μὲν
1350 1356 1538 1412 πλῆθος
1578 1351 1632 1399 ἐν
1674 1357 1736 1413 τῷ
1769 1344 1852 1394 κατὰ

443 1432 698 1489 Ταριχαίας
756 1429 1034 1492 ἱπποδρόμῳ
1095 1428 1516 1490 συνηθροισμένον
1574 1429 1725 1475 πολλὰ
1770 1422 1873 1481 πρὸςῑ

435 1506 584 1565 ὀργὴν
617 1505 813 1565 ἀνεβόα,
851 1505 931 1552 καὶ
965 1508 1016 1552 οἳ
1045 1504 1132 1566 μὲν
1163 1506 1444 1552 καταλεύειν
1472 1507 1522 1552 οἳ
1546 1502 1601 1551 δὲ
1627 1507 1770 1551 καίειν
1795 1499 1852 1545 τὸν

434 1583 676 1642 προδότην
729 1581 1061 1643 ἐκεκράγεσαν·
1114 1581 1366 1641 παρώξυνε
1419 1580 1473 1629 δὲ
1524 1584 1639 1636 τοὺς
1689 1576 1852 1627 πολλοὺς

445 1657 660 1719 Ιωάννης
692 1657 772 1705 καὶ
807 1661 899 1706 σὺν
933 1660 1061 1722 αὐτῷ
1087 1658 1281 1719 Ἰησοῦς
1312 1676 1385 1714 τις
1411 1660 1517 1713 υίὸς
1543 1660 1757 1719 Σαπφία,
1782 1646 1848 1698 τότ’

436 1738 598 1797 ἄρχων
637 1743 721 1797 τῆς
762 1736 1052 1797 Τιβεριάδος.
1117 1736 1275 1797 <6ΟΟ>
1316 1738 1367 1784 οἰ
1402 1734 1491 1797 μὲν
1524 1733 1616 1783 οὖν
1650 1737 1774 1796 φίλοι
1797 1720 1852 1773 „ab

436 1814 839 1874 σωματοφύλακες
871 1820 958 1860 τοῦ
985 1812 1246 1874 Ἰωσήπου,
1290 1812 1666 1873 καταπλαγέντες
1696 1811 1773 1871 τὴν
1798 1804 1874 1862 69⁴¹

435 1892 530 1951 μὴν
575 1897 662 1937 τοῦ
709 1892 928 1950 πλήθους
942 1925 956 1948 ‚
1008 1892 1193 1951 ἔφυγον
1245 1892 1370 1951 πλὴν
1421 1889 1661 1951 τεττάρων
1704 1886 1852 1934 πάντες·

436 1967 579 2021 αὐτὸς
618 1964 672 2013 δὲ
711 1969 1006 2028 κοιμώμενος
1045 1967 1135 2026 ἤδη
1176 1966 1572 2028 προσφερομένου
1617 1973 1702 2014 τοῦ
1741 1959 1853 2019 πυρὸς

438 2044 764 2103 διανίσταται,
810 2044 966 2104 <601>
1012 2042 1090 2090 καὶ
1138 2045 1507 2105 παραινούντων
1555 2045 1748 2105 φεύγειν
1784 2042 1853 2083 τῶν

437 2120 673 2179 τεττάρων
714 2123 764 2166 οἳ
799 2120 1110 2181 παρέμειναν,
1154 2121 1266 2168 οὔτε
1303 2122 1424 2182 πρὸς
1461 2121 1550 2181 τὴν
1589 2119 1699 2168 καθ’
1743 2112 1853 2163 αὑτὸν

438 2195 636 2255 ἐρημίαν
677 2196 787 2243 οὔτε
826 2198 944 2256 πρὸς
983 2198 1036 2244 τὸ
1071 2202 1258 2258 πλῆθος
1296 2206 1394 2245 τῶν
1437 2198 1716 2259 ἐφεστώτων
1751 2198 1874 2241 aava*

438 2269 634 2331 πλαγεὶς
678 2274 927 2335 προπηδᾷ,
978 2273 1381 2336 περιρρηξάμενος
1432 2272 1520 2335 μὲν
1566 2275 1654 2335 τὴν
1700 2273 1851 2327 ἐσθῆτα,

437 2344 826 2409 καταμησάμενος
865 2347 919 2396 δὲ
951 2358 1033 2411 τῆς
1072 2355 1283 2412 κεφαλῆς
1313 2354 1473 2412 κόνιν,
1514 2350 1795 2412 ἀποστρέψας
1819 2337 1846 2386 δ’

438 2427 589 2474 ὀπίσω
623 2427 707 2481 τὰς
739 2433 899 2487 χεῖρας
930 2425 1010 2473 καὶ
1043 2429 1096 2474 τὸ
1133 2429 1260 2476 ι”διον
1294 2427 1431 2487 ξίφος
1468 2428 1694 2489 ἐπιδήσας
1724 2431 1778 2489 τῷ
1804 2415 1854 2464 zz'-

438 2522 587 2551 νοντι.
651 2504 809 2564 <602>
848 2504 967 2565 πρὸς
1000 2503 1029 2550 ἃ
1062 2512 1159 2551 τῶν
1198 2502 1286 2565 μὲν
1326 2507 1513 2560 οἰκείως
1547 2505 1764 2567 ἐχόντων,
1797 2489 1855 2543 καὶ

439 2581 641 2640 μάλιστα
680 2588 777 2628 τῶν
823 2584 1171 2642 Ταριχαιατῶν,
1204 2578 1362 2636 οἶκτος
1400 2578 1478 2641 ἦν·
1521 2583 1573 2630 015
1602 2581 1646 2639 δ’
1688 2581 1770 2628 ἀπὸ
1795 2578 1859 2630 τῆς

542 2672 563 2715 ξ
591 2672 662 2706 601
692 2687 740 2700 =
768 2668 849 2707 Vit.
878 2669 955 2713 Ios„
991 2673 1012 2715 ξ
1042 2672 1127 2708 138.
