<?xml version="1.0" encoding="UTF-8"?>
<!DOCTYPE html PUBLIC "-//W3C//DTD XHTML 1.0 Transitional//EN"
    "http://www.w3.org/TR/xhtml1/DTD/xhtml1-transitional.dtd">
<html xmlns="http://www.w3.org/1999/xhtml" xml:lang="en" lang="en">
 <head>
  <title>
</title>
<meta http-equiv="Content-Type" content="text/html;charset=utf-8" />
  <meta name='ocr-system' content='tesseract 3.04.00' />
  <meta name='ocr-capabilities' content='ocr_page ocr_carea ocr_par ocr_line ocrx_word'/>
</head>
<body>
  <div class='ocr_page' id='page_1' title='image "./operaomniaposti00nabegoog_0302.png"; bbox 0 0 2352 3080; ppageno 0'>
   <div class='ocr_carea' id='block_1_1' title="bbox 431 591 453 625">
    <p class='ocr_par' dir='ltr' id='par_1_1' title="bbox 431 591 453 625">
     <span class='ocr_line' id='line_1_1' title="bbox 431 591 453 625; baseline 0 0"><span class='ocrx_word' id='word_1_1' title='bbox 431 591 453 625; x_wconf 85' lang='lat'><strong>2</strong></span> 
     </span>
    </p>
   </div>
   <div class='ocr_carea' id='block_1_2' title="bbox 485 230 1572 276">
    <p class='ocr_par' dir='ltr' id='par_1_2' title="bbox 485 230 1572 276">
     <span class='ocr_line' id='line_1_2' title="bbox 485 230 1572 276; baseline -0.004 -5"><span class='ocrx_word' id='word_1_2' title='bbox 485 230 574 276; x_wconf 82' lang='grc'><em>176</em></span> <span class='ocrx_word' id='word_1_3' title='bbox 848 231 955 268; x_wconf 84' lang='grc' dir='ltr'><em>ΤΟΤ</em></span> <span class='ocrx_word' id='word_1_4' title='bbox 982 231 1278 267; x_wconf 83' lang='grc' dir='ltr'>ΙΟΤΔΑΙΚΟΤ</span> <span class='ocrx_word' id='word_1_5' title='bbox 1304 230 1572 267; x_wconf 75' lang='grc' dir='ltr'>ΠΟΛΕΜΟΥ</span> 
     </span>
    </p>
   </div>
   <div class='ocr_carea' id='block_1_3' title="bbox 478 343 1997 2175">
    <p class='ocr_par' dir='ltr' id='par_1_3' title="bbox 482 343 1946 562">
     <span class='ocr_line' id='line_1_3' title="bbox 483 343 1946 409; baseline -0.001 -15"><span class='ocrx_word' id='word_1_6' title='bbox 483 349 743 407; x_wconf 77' lang='grc' dir='ltr'><em>στήσεσθαι</em></span> <span class='ocrx_word' id='word_1_7' title='bbox 789 348 880 409; x_wconf 85' lang='grc' dir='ltr'><em>γὰρ</em></span> <span class='ocrx_word' id='word_1_8' title='bbox 923 346 984 393; x_wconf 84' lang='grc' dir='ltr'><em>δι’</em></span> <span class='ocrx_word' id='word_1_9' title='bbox 1036 347 1421 408; x_wconf 76' lang='grc' dir='ltr'><strong><em>ἀριστοκρατίας,</em></strong></span> <span class='ocrx_word' id='word_1_10' title='bbox 1468 346 1626 408; x_wconf 81' lang='grc' dir='ltr'><em>ὥσπερ</em></span> <span class='ocrx_word' id='word_1_11' title='bbox 1670 343 1762 393; x_wconf 84' lang='grc' dir='ltr'><em>οὖν</em></span> <span class='ocrx_word' id='word_1_12' title='bbox 1804 347 1946 393; x_wconf 80' lang='grc' dir='ltr'><em>πάλαι</em></span> 
     </span>
     <span class='ocr_line' id='line_1_4' title="bbox 482 422 1946 487; baseline 0 -17"><span class='ocrx_word' id='word_1_13' title='bbox 482 426 722 487; x_wconf 75' lang='grc' dir='ltr'><em>διῳκεῖτο,</em></span> <span class='ocrx_word' id='word_1_14' title='bbox 755 425 842 484; x_wconf 87' lang='grc' dir='ltr'><em>τὴν</em></span> <span class='ocrx_word' id='word_1_15' title='bbox 877 424 1050 486; x_wconf 85' lang='grc' dir='ltr'><em>ἀρχήν,</em></span> <span class='ocrx_word' id='word_1_16' title='bbox 1091 422 1120 483; x_wconf 80' lang='grc' dir='ltr'><em>ἣ</em></span> <span class='ocrx_word' id='word_1_17' title='bbox 1164 432 1348 485; x_wconf 89' lang='grc' dir='ltr'><em>κρινεῖν</em></span> <span class='ocrx_word' id='word_1_18' title='bbox 1387 425 1535 486; x_wconf 75' lang='grc' dir='ltr'><em>ψήφῳ</em></span> <span class='ocrx_word' id='word_1_19' title='bbox 1576 424 1662 470; x_wconf 88' lang='grc' dir='ltr'><em>τὸν</em></span> <span class='ocrx_word' id='word_1_20' title='bbox 1697 423 1835 479; x_wconf 79' lang='grc' dir='ltr'><em>ἄξιον</em></span> <span class='ocrx_word' id='word_1_21' title='bbox 1869 431 1946 483; x_wconf 80' lang='grc' dir='ltr'><em>τῆς</em></span> 
     </span>
     <span class='ocr_line' id='line_1_5' title="bbox 482 500 749 562; baseline -0.004 -14"><span class='ocrx_word' id='word_1_22' title='bbox 482 500 749 562; x_wconf 77' lang='grc' dir='ltr'><em>ἡγεμονίας.</em></span> 
     </span>
    </p>

    <p class='ocr_par' dir='ltr' id='par_1_4' title="bbox 478 576 1997 1886">
     <span class='ocr_line' id='line_1_6' title="bbox 579 576 1945 639; baseline -0.001 -14"><span class='ocrx_word' id='word_1_23' title='bbox 579 580 735 638; x_wconf 75' lang='grc'>(206)</span> <span class='ocrx_word' id='word_1_24' title='bbox 770 577 948 638; x_wconf 81' lang='grc' dir='ltr'><em>συνέβη</em></span> <span class='ocrx_word' id='word_1_25' title='bbox 984 576 1036 624; x_wconf 74' lang='grc' dir='ltr'><em>δὲ</em></span> <span class='ocrx_word' id='word_1_26' title='bbox 1070 584 1330 637; x_wconf 86' lang='grc' dir='ltr'><em>τηνικαῦτα</em></span> <span class='ocrx_word' id='word_1_27' title='bbox 1362 578 1480 639; x_wconf 87' lang='grc' dir='ltr'><em>πρὸς</em></span> <span class='ocrx_word' id='word_1_28' title='bbox 1508 577 1839 638; x_wconf 80' lang='grc' dir='ltr'><em>ἐπιδημοῦντα</em></span> <span class='ocrx_word' id='word_1_29' title='bbox 1867 579 1945 625; x_wconf 87' lang='grc' dir='ltr'><em>τὸν</em></span> 
     </span>
     <span class='ocr_line' id='line_1_7' title="bbox 478 654 1991 717; baseline 0 -16"><span class='ocrx_word' id='word_1_30' title='bbox 478 654 742 717; x_wconf 75' lang='grc' dir='ltr'><em>Ἀγρίππαν</em></span> <span class='ocrx_word' id='word_1_31' title='bbox 776 656 864 714; x_wconf 85' lang='grc' dir='ltr'><em>τήν</em></span> <span class='ocrx_word' id='word_1_32' title='bbox 897 671 947 701; x_wconf 90' lang='grc' dir='ltr'><em>τε</em></span> <span class='ocrx_word' id='word_1_33' title='bbox 982 656 1249 714; x_wconf 87' lang='grc' dir='ltr'><em>σύγκλητον</em></span> <span class='ocrx_word' id='word_1_34' title='bbox 1275 658 1519 701; x_wconf 80' lang='grc' dir='ltr'><em>καλοῦσαν</em></span> <span class='ocrx_word' id='word_1_35' title='bbox 1550 656 1618 709; x_wconf 82' lang='grc' dir='ltr'><em>είς</em></span> <span class='ocrx_word' id='word_1_36' title='bbox 1645 657 1943 716; x_wconf 80' lang='grc' dir='ltr'><em>συμβουλίαν</em></span> <span class='ocrx_word' id='word_1_37' title='bbox 1976 668 1991 696; x_wconf 84' lang='lat'>⁵</span> 
     </span>
     <span class='ocr_line' id='line_1_8' title="bbox 481 730 1944 793; baseline -0.001 -14"><span class='ocrx_word' id='word_1_38' title='bbox 481 731 660 793; x_wconf 79' lang='grc' dir='ltr'><em>πέμψαι</em></span> <span class='ocrx_word' id='word_1_39' title='bbox 700 730 778 778; x_wconf 87' lang='grc' dir='ltr'><em>καὶ</em></span> <span class='ocrx_word' id='word_1_40' title='bbox 820 731 1070 777; x_wconf 76' lang='grc' dir='ltr'><em>Κλαύδιον</em></span> <span class='ocrx_word' id='word_1_41' title='bbox 1112 730 1163 777; x_wconf 85' lang='grc' dir='ltr'><em>ἐκ</em></span> <span class='ocrx_word' id='word_1_42' title='bbox 1196 738 1279 791; x_wconf 84' lang='grc' dir='ltr'><em>τῆς</em></span> <span class='ocrx_word' id='word_1_43' title='bbox 1312 733 1634 792; x_wconf 78' lang='grc' dir='ltr'><em>παρεμβολῆς,</em></span> <span class='ocrx_word' id='word_1_44' title='bbox 1669 730 1800 786; x_wconf 82' lang='grc' dir='ltr'><em>ὅπως</em></span> <span class='ocrx_word' id='word_1_45' title='bbox 1834 731 1944 791; x_wconf 85' lang='grc' dir='ltr'><em>πρὸς</em></span> 
     </span>
     <span class='ocr_line' id='line_1_9' title="bbox 483 807 1996 870; baseline -0.001 -15"><span class='ocrx_word' id='word_1_46' title='bbox 483 809 511 855; x_wconf 77' lang='grc' dir='ltr'>ἃ</span> <span class='ocrx_word' id='word_1_47' title='bbox 560 808 659 856; x_wconf 82' lang='grc' dir='ltr'><em>δέοι</em></span> <span class='ocrx_word' id='word_1_48' title='bbox 706 809 937 870; x_wconf 87' lang='grc' dir='ltr'><em>χρήσιμος</em></span> <span class='ocrx_word' id='word_1_49' title='bbox 983 808 1146 863; x_wconf 85' lang='grc' dir='ltr'><em>αὐτοῖς</em></span> <span class='ocrx_word' id='word_1_50' title='bbox 1193 807 1396 867; x_wconf 90' lang='grc' dir='ltr'><em>γε’νοιτο.</em></span> <span class='ocrx_word' id='word_1_51' title='bbox 1466 808 1687 862; x_wconf 84' lang='grc' dir='ltr'><em>κάκεῖνος</em></span> <span class='ocrx_word' id='word_1_52' title='bbox 1733 809 1942 855; x_wconf 84' lang='grc' dir='ltr'><em>συνιδὼν</em></span> <span class='ocrx_word' id='word_1_53' title='bbox 1994 826 1996 835; x_wconf 90' lang='grc'><em>·</em></span> 
     </span>
     <span class='ocr_line' id='line_1_10' title="bbox 482 884 1996 957; baseline -0.001 -25"><span class='ocrx_word' id='word_1_54' title='bbox 482 887 566 932; x_wconf 90' lang='grc' dir='ltr'><em>τὸν</em></span> <span class='ocrx_word' id='word_1_55' title='bbox 599 886 691 944; x_wconf 78' lang='grc' dir='ltr'><em>ἤδη</em></span> <span class='ocrx_word' id='word_1_56' title='bbox 726 892 782 946; x_wconf 76' lang='grc' dir='ltr'><em>τῇ</em></span> <span class='ocrx_word' id='word_1_57' title='bbox 818 884 1018 946; x_wconf 77' lang='grc' dir='ltr'><em>δυνάμει</em></span> <span class='ocrx_word' id='word_1_58' title='bbox 1054 887 1275 946; x_wconf 86' lang='grc' dir='ltr'><em>Καίσαρα</em></span> <span class='ocrx_word' id='word_1_59' title='bbox 1309 886 1427 947; x_wconf 85' lang='grc' dir='ltr'><em>πρὸς</em></span> <span class='ocrx_word' id='word_1_60' title='bbox 1455 886 1707 932; x_wconf 86' lang='grc' dir='ltr'><em>Κλαύδιον</em></span> <span class='ocrx_word' id='word_1_61' title='bbox 1742 886 1941 932; x_wconf 79' lang='grc' dir='ltr'><em>ἄπεισιν.</em></span> <span class='ocrx_word' id='word_1_62' title='bbox 1985 924 1996 957; x_wconf 28' lang='grc' dir='ltr'><em>,Ἠ</em></span> 
     </span>
     <span class='ocr_line' id='line_1_11' title="bbox 483 960 1939 1023; baseline 0 -16"><span class='ocrx_word' id='word_1_63' title='bbox 483 962 641 1022; x_wconf 80' lang='grc'>&lt;207&gt;</span> <span class='ocrx_word' id='word_1_64' title='bbox 690 962 714 1008; x_wconf 89' lang='grc' dir='ltr'><strong><em>ὃ</em></strong></span> <span class='ocrx_word' id='word_1_65' title='bbox 756 960 800 1007; x_wconf 79' lang='grc' dir='ltr'><em>δ’</em></span> <span class='ocrx_word' id='word_1_66' title='bbox 852 961 1000 1008; x_wconf 85' lang='grc' dir='ltr'><em>αὐτὸν</em></span> <span class='ocrx_word' id='word_1_67' title='bbox 1046 962 1345 1023; x_wconf 84' lang='grc' dir='ltr'><em>πρεσβευτὴν</em></span> <span class='ocrx_word' id='word_1_68' title='bbox 1391 962 1509 1022; x_wconf 88' lang='grc' dir='ltr'><em>πρὸς</em></span> <span class='ocrx_word' id='word_1_69' title='bbox 1550 962 1638 1021; x_wconf 86' lang='grc' dir='ltr'><em>τὴν</em></span> <span class='ocrx_word' id='word_1_70' title='bbox 1678 961 1939 1021; x_wconf 88' lang='grc' dir='ltr'><em>σύγκλητον</em></span> 
     </span>
     <span class='ocr_line' id='line_1_12' title="bbox 483 1024 1996 1127; baseline -0.001 -42"><span class='ocrx_word' id='word_1_71' title='bbox 483 1038 767 1100; x_wconf 78' lang='grc' dir='ltr'><em>ἀναπέμπει,</em></span> <span class='ocrx_word' id='word_1_72' title='bbox 803 1040 1044 1098; x_wconf 84' lang='grc' dir='ltr'><em>δηλοῦντα</em></span> <span class='ocrx_word' id='word_1_73' title='bbox 1077 1039 1165 1098; x_wconf 86' lang='grc' dir='ltr'><em>τὴν</em></span> <span class='ocrx_word' id='word_1_74' title='bbox 1198 1038 1347 1085; x_wconf 89' lang='grc' dir='ltr'><em>αὐτοῦ</em></span> <span class='ocrx_word' id='word_1_75' title='bbox 1381 1040 1679 1100; x_wconf 87' lang='grc' dir='ltr'><em>προαίρεσιν,</em></span> <span class='ocrx_word' id='word_1_76' title='bbox 1713 1038 1788 1085; x_wconf 81' lang='grc' dir='ltr'><em>ὅτι</em></span> <span class='ocrx_word' id='word_1_77' title='bbox 1822 1024 1996 1127; x_wconf 53' lang='grc' dir='ltr'><em>πρῶ-ιζ</em></span> 
     </span>
     <span class='ocr_line' id='line_1_13' title="bbox 482 1113 1936 1177; baseline -0.002 -14"><span class='ocrx_word' id='word_1_78' title='bbox 482 1133 567 1163; x_wconf 91' lang='grc' dir='ltr'><em>τον</em></span> <span class='ocrx_word' id='word_1_79' title='bbox 594 1113 683 1177; x_wconf 76' lang='grc' dir='ltr'><em>μὲν</em></span> <span class='ocrx_word' id='word_1_80' title='bbox 710 1118 840 1163; x_wconf 76' lang='grc' dir='ltr'><em>ἄκων</em></span> <span class='ocrx_word' id='word_1_81' title='bbox 866 1115 961 1162; x_wconf 85' lang='grc' dir='ltr'><em>ὑπὸ</em></span> <span class='ocrx_word' id='word_1_82' title='bbox 989 1123 1086 1162; x_wconf 86' lang='grc' dir='ltr'><em>τῶν</em></span> <span class='ocrx_word' id='word_1_83' title='bbox 1113 1123 1418 1177; x_wconf 76' lang='grc' dir='ltr'><em>στρατιωτῶν</em></span> <span class='ocrx_word' id='word_1_84' title='bbox 1446 1114 1695 1176; x_wconf 82' lang='grc' dir='ltr'><em>ἁρπαγείη,</em></span> <span class='ocrx_word' id='word_1_85' title='bbox 1727 1114 1809 1161; x_wconf 85' lang='grc' dir='ltr'><em>καὶ</em></span> <span class='ocrx_word' id='word_1_86' title='bbox 1837 1115 1936 1161; x_wconf 80' lang='grc' dir='ltr'><em>οὔτε</em></span> 
     </span>
     <span class='ocr_line' id='line_1_14' title="bbox 481 1188 1935 1252; baseline 0 -14"><span class='ocrx_word' id='word_1_87' title='bbox 481 1193 569 1252; x_wconf 86' lang='grc' dir='ltr'><em>τὴν</em></span> <span class='ocrx_word' id='word_1_88' title='bbox 590 1192 786 1240; x_wconf 82' lang='grc' dir='ltr'><em>ἐκείνων</em></span> <span class='ocrx_word' id='word_1_89' title='bbox 808 1192 1027 1251; x_wconf 86' lang='grc' dir='ltr'><em>σπουδὴν</em></span> <span class='ocrx_word' id='word_1_90' title='bbox 1049 1191 1379 1251; x_wconf 78' lang='grc' dir='ltr'><em>ἐγκαταλιπεῖν</em></span> <span class='ocrx_word' id='word_1_91' title='bbox 1401 1193 1590 1238; x_wconf 90' lang='grc' dir='ltr'><em>δίκαιον</em></span> <span class='ocrx_word' id='word_1_92' title='bbox 1612 1190 1717 1238; x_wconf 77' lang='grc' dir='ltr'><em>οὔτ’</em></span> <span class='ocrx_word' id='word_1_93' title='bbox 1734 1188 1935 1252; x_wconf 75' lang='grc' dir='ltr'><em>ἀσφαλὲς</em></span> 
     </span>
     <span class='ocr_line' id='line_1_15' title="bbox 480 1250 1996 1331; baseline -0.001 -16"><span class='ocrx_word' id='word_1_94' title='bbox 480 1270 568 1329; x_wconf 86' lang='grc' dir='ltr'><em>τὴν</em></span> <span class='ocrx_word' id='word_1_95' title='bbox 609 1270 758 1316; x_wconf 86' lang='grc' dir='ltr'><em>αὐτοῦ</em></span> <span class='ocrx_word' id='word_1_96' title='bbox 800 1269 949 1329; x_wconf 86' lang='grc' dir='ltr'><em>τύχην</em></span> <span class='ocrx_word' id='word_1_97' title='bbox 988 1271 1170 1329; x_wconf 87' lang='grc' dir='ltr'><em>κρίνοι·</em></span> <span class='ocrx_word' id='word_1_98' title='bbox 1224 1267 1303 1316; x_wconf 87' lang='grc' dir='ltr'><em>καὶ</em></span> <span class='ocrx_word' id='word_1_99' title='bbox 1337 1269 1428 1331; x_wconf 76' lang='grc' dir='ltr'><em>γὰρ</em></span> <span class='ocrx_word' id='word_1_100' title='bbox 1461 1267 1542 1315; x_wconf 87' lang='grc' dir='ltr'><em>καὶ</em></span> <span class='ocrx_word' id='word_1_101' title='bbox 1579 1269 1633 1315; x_wconf 91' lang='grc' dir='ltr'><em>τὸ</em></span> <span class='ocrx_word' id='word_1_102' title='bbox 1667 1277 1831 1329; x_wconf 83' lang='grc' dir='ltr'><em>τυχεῖν</em></span> <span class='ocrx_word' id='word_1_103' title='bbox 1862 1274 1934 1327; x_wconf 80' lang='grc' dir='ltr'><em>τῆς</em></span> <span class='ocrx_word' id='word_1_104' title='bbox 1955 1250 1996 1269; x_wconf 39' lang='lat'><em>*-</em></span> 
     </span>
     <span class='ocr_line' id='line_1_16' title="bbox 482 1336 1996 1407; baseline -0.001 -15"><span class='ocrx_word' id='word_1_105' title='bbox 482 1345 766 1406; x_wconf 79' lang='grc' dir='ltr'><em>ἡγεμονικῆς</em></span> <span class='ocrx_word' id='word_1_106' title='bbox 798 1346 1008 1404; x_wconf 84' lang='grc' dir='ltr'><em>κλήσεως</em></span> <span class='ocrx_word' id='word_1_107' title='bbox 1042 1345 1353 1392; x_wconf 84' lang='grc' dir='ltr'><em>ἐπικίνδυνον</em></span> <span class='ocrx_word' id='word_1_108' title='bbox 1387 1342 1532 1392; x_wconf 82' lang='grc' dir='ltr'><em>εἶναι·</em></span> <span class='ocrx_word' id='word_1_109' title='bbox 1595 1346 1754 1404; x_wconf 78' lang='grc'>&lt;208&gt;</span> <span class='ocrx_word' id='word_1_110' title='bbox 1788 1341 1923 1392; x_wconf 80' lang='grc' dir='ltr'><em>ἔπειθ’</em></span> <span class='ocrx_word' id='word_1_111' title='bbox 1940 1336 1996 1407; x_wconf 37' lang='grc' dir='ltr'><em>,ἰὲ</em></span> 
     </span>
     <span class='ocr_line' id='line_1_17' title="bbox 483 1411 1996 1513; baseline 0.001 -46"><span class='ocrx_word' id='word_1_112' title='bbox 483 1422 553 1467; x_wconf 85' lang='grc' dir='ltr'><em>ὅτι</em></span> <span class='ocrx_word' id='word_1_113' title='bbox 602 1423 631 1467; x_wconf 94' lang='grc' dir='ltr'><em>δ</em></span> <span class='ocrx_word' id='word_1_114' title='bbox 636 1422 840 1481; x_wconf 88' lang='grc' dir='ltr'><em>ιοικήσοι</em></span> <span class='ocrx_word' id='word_1_115' title='bbox 887 1422 974 1481; x_wconf 89' lang='grc' dir='ltr'><em>τὴν</em></span> <span class='ocrx_word' id='word_1_116' title='bbox 1021 1421 1172 1484; x_wconf 84' lang='grc' dir='ltr'><em>ἀρχὴν</em></span> <span class='ocrx_word' id='word_1_117' title='bbox 1220 1422 1377 1484; x_wconf 79' lang='grc' dir='ltr'><em>ὥσπερ</em></span> <span class='ocrx_word' id='word_1_118' title='bbox 1432 1422 1618 1482; x_wconf 76' lang='grc' dir='ltr'><em>ἀγαθὸς</em></span> <span class='ocrx_word' id='word_1_119' title='bbox 1663 1411 1996 1513; x_wconf 34' lang='grc' dir='ltr'><em>προστάτηςξ-ὲ</em></span> 
     </span>
     <span class='ocr_line' id='line_1_18' title="bbox 483 1497 1987 1560; baseline 0.001 -16"><span class='ocrx_word' id='word_1_120' title='bbox 483 1498 569 1558; x_wconf 83' lang='grc' dir='ltr'><em>οὐχ</em></span> <span class='ocrx_word' id='word_1_121' title='bbox 604 1497 667 1552; x_wconf 83' lang='grc' dir='ltr'><em>ὡς</em></span> <span class='ocrx_word' id='word_1_122' title='bbox 700 1498 958 1559; x_wconf 86' lang='grc' dir='ltr'><em>τύραννος·</em></span> <span class='ocrx_word' id='word_1_123' title='bbox 1004 1498 1257 1560; x_wconf 81' lang='grc' dir='ltr'><em>ἀρκεῖσθαι</em></span> <span class='ocrx_word' id='word_1_124' title='bbox 1293 1500 1382 1560; x_wconf 79' lang='grc' dir='ltr'><em>γὰρ</em></span> <span class='ocrx_word' id='word_1_125' title='bbox 1417 1505 1474 1560; x_wconf 74' lang='grc' dir='ltr'><em>τῇ</em></span> <span class='ocrx_word' id='word_1_126' title='bbox 1508 1505 1619 1560; x_wconf 73' lang='grc' dir='ltr'><em>τιμῇ</em></span> <span class='ocrx_word' id='word_1_127' title='bbox 1654 1506 1736 1560; x_wconf 79' lang='grc' dir='ltr'><em>τῆς</em></span> <span class='ocrx_word' id='word_1_128' title='bbox 1769 1509 1934 1560; x_wconf 50' lang='grc' dir='ltr'><em>προσηι·</em></span> <span class='ocrx_word' id='word_1_129' title='bbox 1980 1547 1987 1551; x_wconf 68' lang='grc'><em>,</em></span> 
     </span>
     <span class='ocr_line' id='line_1_19' title="bbox 484 1562 1997 1638; baseline 0.001 -18"><span class='ocrx_word' id='word_1_130' title='bbox 484 1576 670 1636; x_wconf 83' lang='grc' dir='ltr'><em>γορίας,</em></span> <span class='ocrx_word' id='word_1_131' title='bbox 717 1574 805 1633; x_wconf 78' lang='grc' dir='ltr'><em>τὴν</em></span> <span class='ocrx_word' id='word_1_132' title='bbox 847 1573 892 1621; x_wconf 84' lang='grc' dir='ltr'><em>δ’</em></span> <span class='ocrx_word' id='word_1_133' title='bbox 937 1574 1014 1636; x_wconf 81' lang='grc' dir='ltr'><em>ἐφ’</em></span> <span class='ocrx_word' id='word_1_134' title='bbox 1059 1574 1238 1638; x_wconf 75' lang='grc' dir='ltr'><em>ἑκάστῳ</em></span> <span class='ocrx_word' id='word_1_135' title='bbox 1285 1583 1381 1623; x_wconf 83' lang='grc' dir='ltr'><em>τῶν</em></span> <span class='ocrx_word' id='word_1_136' title='bbox 1423 1575 1716 1637; x_wconf 77' lang='grc' dir='ltr'><em>πραγμάτων</em></span> <span class='ocrx_word' id='word_1_137' title='bbox 1763 1578 1876 1636; x_wconf 88' lang='grc' dir='ltr'><em>βουλ</em></span> <span class='ocrx_word' id='word_1_138' title='bbox 1950 1562 1997 1602; x_wconf 34' lang='grc' dir='ltr'><em>τ’·</em></span> 
     </span>
     <span class='ocr_line' id='line_1_20' title="bbox 482 1649 1996 1714; baseline 0.002 -17"><span class='ocrx_word' id='word_1_139' title='bbox 482 1661 628 1698; x_wconf 79' lang='grc' dir='ltr'><em>πᾶσιν</em></span> <span class='ocrx_word' id='word_1_140' title='bbox 669 1649 960 1698; x_wconf 84' lang='grc' dir='ltr'><em>ἀποδώσειν·</em></span> <span class='ocrx_word' id='word_1_141' title='bbox 1012 1651 1092 1699; x_wconf 91' lang='grc' dir='ltr'><em>καὶ</em></span> <span class='ocrx_word' id='word_1_142' title='bbox 1133 1653 1224 1713; x_wconf 85' lang='grc' dir='ltr'><em>γὰρ</em></span> <span class='ocrx_word' id='word_1_143' title='bbox 1267 1654 1312 1698; x_wconf 79' lang='grc' dir='ltr'><em>εἰ</em></span> <span class='ocrx_word' id='word_1_144' title='bbox 1348 1653 1411 1713; x_wconf 85' lang='grc' dir='ltr'><em>μὴ</em></span> <span class='ocrx_word' id='word_1_145' title='bbox 1452 1652 1597 1711; x_wconf 88' lang='grc' dir='ltr'><em>φύσει</em></span> <span class='ocrx_word' id='word_1_146' title='bbox 1637 1652 1826 1714; x_wconf 80' lang='grc' dir='ltr'><em>μέτριος</em></span> <span class='ocrx_word' id='word_1_147' title='bbox 1962 1658 1996 1708; x_wconf 71' lang='grc'><em>“,</em></span> 
     </span>
     <span class='ocr_line' id='line_1_21' title="bbox 485 1728 1977 1802; baseline 0 -28"><span class='ocrx_word' id='word_1_148' title='bbox 485 1728 649 1774; x_wconf 78' lang='grc' dir='ltr'><em>ἱκανὸν</em></span> <span class='ocrx_word' id='word_1_149' title='bbox 689 1728 955 1789; x_wconf 84' lang='grc' dir='ltr'><em>ὑπόδειγμα</em></span> <span class='ocrx_word' id='word_1_150' title='bbox 995 1729 1316 1790; x_wconf 84' lang='grc' dir='ltr'><em>σωφροσύνης</em></span> <span class='ocrx_word' id='word_1_151' title='bbox 1355 1729 1481 1791; x_wconf 77' lang='grc' dir='ltr'><em>αὐτῷ</em></span> <span class='ocrx_word' id='word_1_152' title='bbox 1527 1734 1812 1786; x_wconf 82' lang='grc' dir='ltr'><em>προκεῖσθαι</em></span> <span class='ocrx_word' id='word_1_153' title='bbox 1855 1728 1922 1802; x_wconf 47' lang='grc' dir='ltr'><em>τὸ,</em></span> <span class='ocrx_word' id='word_1_154' title='bbox 1960 1736 1977 1741; x_wconf 80' lang='lat'><strong><em>‘</em></strong></span> 
     </span>
     <span class='ocr_line' id='line_1_22' title="bbox 485 1803 1912 1886; baseline 0.004 -37"><span class='ocrx_word' id='word_1_155' title='bbox 485 1806 633 1851; x_wconf 89' lang='grc' dir='ltr'><em>Γαΐου</em></span> <span class='ocrx_word' id='word_1_156' title='bbox 667 1803 895 1851; x_wconf 73' lang='grc' dir='ltr'><em>θάνατον.</em></span> <span class='ocrx_word' id='word_1_157' title='bbox 1615 1861 1618 1865; x_wconf 90' lang='lat'>.</span> <span class='ocrx_word' id='word_1_158' title='bbox 1901 1840 1912 1886; x_wconf 59' lang='lat'>4</span> 
     </span>
    </p>

    <p class='ocr_par' dir='ltr' id='par_1_5' title="bbox 482 1880 1997 2175">
     <span class='ocr_line' id='line_1_23' title="bbox 578 1880 1959 1944; baseline 0.001 -18"><span class='ocrx_word' id='word_1_159' title='bbox 578 1881 735 1942; x_wconf 75' lang='lat'>(209)</span> <span class='ocrx_word' id='word_1_160' title='bbox 781 1880 914 1928; x_wconf 84' lang='grc' dir='ltr'><em>ταῦτ’</em></span> <span class='ocrx_word' id='word_1_161' title='bbox 965 1881 1252 1941; x_wconf 84' lang='grc' dir='ltr'><em>ἀπήγγειλεν</em></span> <span class='ocrx_word' id='word_1_162' title='bbox 1289 1881 1564 1944; x_wconf 87' lang='grc' dir='ltr'><em>Ἀγρίππας.</em></span> <span class='ocrx_word' id='word_1_163' title='bbox 1628 1881 1657 1942; x_wconf 83' lang='grc' dir='ltr'>ἡ</span> <span class='ocrx_word' id='word_1_164' title='bbox 1700 1880 1754 1929; x_wconf 74' lang='grc' dir='ltr'><em>δὲ</em></span> <span class='ocrx_word' id='word_1_165' title='bbox 1793 1884 1875 1942; x_wconf 89' lang='grc' dir='ltr'><em>βου</em></span> <span class='ocrx_word' id='word_1_166' title='bbox 1935 1930 1959 1937; x_wconf 67' lang='grc'><strong><em>,</em></strong></span> 
     </span>
     <span class='ocr_line' id='line_1_24' title="bbox 484 1957 1980 2030; baseline 0.001 -27"><span class='ocrx_word' id='word_1_167' title='bbox 484 1957 769 2019; x_wconf 88' lang='grc' dir='ltr'><em>ἀπεκρίνατο</em></span> <span class='ocrx_word' id='word_1_168' title='bbox 802 1957 881 2004; x_wconf 87' lang='grc' dir='ltr'><em>καὶ</em></span> <span class='ocrx_word' id='word_1_169' title='bbox 922 1965 1107 2022; x_wconf 77' lang='grc' dir='ltr'><em>στρατῷ</em></span> <span class='ocrx_word' id='word_1_170' title='bbox 1146 1958 1225 2006; x_wconf 85' lang='grc' dir='ltr'><em>καὶ</em></span> <span class='ocrx_word' id='word_1_171' title='bbox 1273 1961 1483 2020; x_wconf 85' lang='grc' dir='ltr'><em>γνώμαις</em></span> <span class='ocrx_word' id='word_1_172' title='bbox 1530 1958 1738 2018; x_wconf 81' lang='grc' dir='ltr'><em>ἀγαθαῖς</em></span> <span class='ocrx_word' id='word_1_173' title='bbox 1784 1970 1980 2030; x_wconf 51' lang='grc' dir='ltr'><em>πεπτω..)</em></span> 
     </span>
     <span class='ocr_line' id='line_1_25' title="bbox 482 2034 1980 2098; baseline 0.001 -18"><span class='ocrx_word' id='word_1_174' title='bbox 482 2039 604 2081; x_wconf 83' lang='grc' dir='ltr'><em>θυῖα</em></span> <span class='ocrx_word' id='word_1_175' title='bbox 638 2035 865 2081; x_wconf 86' lang='grc' dir='ltr'><em>δουλείαν</em></span> <span class='ocrx_word' id='word_1_176' title='bbox 900 2034 1122 2083; x_wconf 81' lang='grc' dir='ltr'><em>ἑκούσιον</em></span> <span class='ocrx_word' id='word_1_177' title='bbox 1158 2036 1244 2097; x_wconf 84' lang='grc' dir='ltr'><em>οὐχ</em></span> <span class='ocrx_word' id='word_1_178' title='bbox 1270 2036 1542 2098; x_wconf 83' lang='grc' dir='ltr'><em>ὑπομενεῖν.</em></span> <span class='ocrx_word' id='word_1_179' title='bbox 1594 2036 1674 2084; x_wconf 89' lang='grc' dir='ltr'><em>καὶ</em></span> <span class='ocrx_word' id='word_1_180' title='bbox 1702 2036 1863 2084; x_wconf 86' lang='grc' dir='ltr'><em>Κλαύδ</em></span> <span class='ocrx_word' id='word_1_181' title='bbox 1905 2040 1980 2049; x_wconf 74' lang='grc'><em>’-</em></span> 
     </span>
     <span class='ocr_line' id='line_1_26' title="bbox 486 2095 1997 2175; baseline 0.001 -18"><span class='ocrx_word' id='word_1_182' title='bbox 486 2111 549 2165; x_wconf 85' lang='grc' dir='ltr'><em>ὡς</em></span> <span class='ocrx_word' id='word_1_183' title='bbox 594 2111 770 2169; x_wconf 81' lang='grc' dir='ltr'><em>ἤκουσε</em></span> <span class='ocrx_word' id='word_1_184' title='bbox 817 2112 875 2158; x_wconf 85' lang='grc' dir='ltr'><em>τὰ</em></span> <span class='ocrx_word' id='word_1_185' title='bbox 923 2113 1049 2174; x_wconf 82' lang='grc' dir='ltr'><em>παρὰ</em></span> <span class='ocrx_word' id='word_1_186' title='bbox 1089 2119 1171 2173; x_wconf 81' lang='grc' dir='ltr'><em>τῆς</em></span> <span class='ocrx_word' id='word_1_187' title='bbox 1214 2115 1413 2174; x_wconf 82' lang='grc' dir='ltr'><em>βουλῆς,</em></span> <span class='ocrx_word' id='word_1_188' title='bbox 1459 2115 1606 2161; x_wconf 78' lang='grc' dir='ltr'><em>πάλιν</em></span> <span class='ocrx_word' id='word_1_189' title='bbox 1646 2115 1820 2175; x_wconf 81' lang='grc' dir='ltr'><em>ἔπεμψε</em></span> <span class='ocrx_word' id='word_1_190' title='bbox 1853 2128 1876 2158; x_wconf 91' lang='grc' dir='ltr'><em>τ</em></span> <span class='ocrx_word' id='word_1_191' title='bbox 1901 2095 1997 2127; x_wconf 72' lang='lat'><em>5-</em></span> 
     </span>
    </p>
   </div>
   <div class='ocr_carea' id='block_1_4' title="bbox 1823 2130 1965 2588">
    <p class='ocr_par' dir='ltr' id='par_1_6' title="bbox 1823 2130 1965 2588">
     <span class='ocr_line' id='line_1_27' title="bbox 1876 2130 1965 2207; baseline 0 -64"><span class='ocrx_word' id='word_1_192' title='bbox 1876 2130 1965 2207; x_wconf 95' lang='lat' dir='ltr'><em>  </em></span> 
     </span>
     <span class='ocr_line' id='line_1_28' title="bbox 1823 2207 1965 2588; baseline 0 -200"><span class='ocrx_word' id='word_1_193' title='bbox 1823 2207 1965 2588; x_wconf 95' lang='lat' dir='ltr'><em>    </em></span> 
     </span>
    </p>
   </div>
   <div class='ocr_carea' id='block_1_5' title="bbox 483 2341 1838 2562">
    <p class='ocr_par' dir='ltr' id='par_1_7' title="bbox 483 2341 1838 2562">
     <span class='ocr_line' id='line_1_29' title="bbox 483 2341 1787 2405; baseline 0.002 -17"><span class='ocrx_word' id='word_1_194' title='bbox 483 2342 601 2402; x_wconf 88' lang='grc' dir='ltr'><em>πρὸς</em></span> <span class='ocrx_word' id='word_1_195' title='bbox 643 2341 727 2397; x_wconf 74' lang='grc' dir='ltr'><em>οὓς</em></span> <span class='ocrx_word' id='word_1_196' title='bbox 767 2343 934 2402; x_wconf 78' lang='grc' dir='ltr'><em>ἥκιστα</em></span> <span class='ocrx_word' id='word_1_197' title='bbox 975 2343 1218 2403; x_wconf 87' lang='grc' dir='ltr'><em>βούλοιτο·</em></span> <span class='ocrx_word' id='word_1_198' title='bbox 1272 2344 1428 2404; x_wconf 82' lang='grc'>&lt;210&gt;</span> <span class='ocrx_word' id='word_1_199' title='bbox 1472 2345 1577 2391; x_wconf 86' lang='grc' dir='ltr'><em>δεῖν</em></span> <span class='ocrx_word' id='word_1_200' title='bbox 1623 2344 1787 2405; x_wconf 85' lang='grc' dir='ltr'><em>μέντοι</em></span> 
     </span>
     <span class='ocr_line' id='line_1_30' title="bbox 483 2419 1833 2482; baseline 0.003 -17"><span class='ocrx_word' id='word_1_201' title='bbox 483 2420 829 2480; x_wconf 78' lang='grc' dir='ltr'><em>αποδειχθῆναι</em></span> <span class='ocrx_word' id='word_1_202' title='bbox 862 2427 927 2482; x_wconf 77' lang='grc' dir='ltr'><em>τῷ</em></span> <span class='ocrx_word' id='word_1_203' title='bbox 963 2419 1152 2482; x_wconf 78' lang='grc' dir='ltr'><em>πολέμῳ</em></span> <span class='ocrx_word' id='word_1_204' title='bbox 1186 2423 1364 2482; x_wconf 86' lang='grc' dir='ltr'><em>χωρίον</em></span> <span class='ocrx_word' id='word_1_205' title='bbox 1399 2420 1484 2477; x_wconf 81' lang='grc' dir='ltr'><em>ἔξω</em></span> <span class='ocrx_word' id='word_1_206' title='bbox 1519 2428 1604 2482; x_wconf 82' lang='grc' dir='ltr'><em>τῆς</em></span> <span class='ocrx_word' id='word_1_207' title='bbox 1635 2425 1833 2477; x_wconf 84' lang='grc' dir='ltr'><em>πόλεως·</em></span> 
     </span>
     <span class='ocr_line' id='line_1_31' title="bbox 484 2497 1838 2562; baseline 0.003 -19"><span class='ocrx_word' id='word_1_208' title='bbox 484 2497 574 2558; x_wconf 88' lang='grc' dir='ltr'><em>γὰρ</em></span> <span class='ocrx_word' id='word_1_209' title='bbox 609 2497 744 2544; x_wconf 83' lang='grc' dir='ltr'><em>ὅσιον</em></span> <span class='ocrx_word' id='word_1_210' title='bbox 778 2497 858 2542; x_wconf 79' lang='grc' dir='ltr'><em>διὰ</em></span> <span class='ocrx_word' id='word_1_211' title='bbox 893 2497 980 2556; x_wconf 88' lang='grc' dir='ltr'><em>τὴν</em></span> <span class='ocrx_word' id='word_1_212' title='bbox 1011 2497 1170 2544; x_wconf 82' lang='grc' dir='ltr'><em>αὐτῶν</em></span> <span class='ocrx_word' id='word_1_213' title='bbox 1196 2500 1519 2558; x_wconf 87' lang='grc' dir='ltr'><em>κακοβουλίαν</em></span> <span class='ocrx_word' id='word_1_214' title='bbox 1547 2497 1779 2562; x_wconf 75' lang='grc' dir='ltr'><em>ὁμοφύλῳ</em></span> <span class='ocrx_word' id='word_1_215' title='bbox 1807 2514 1838 2559; x_wconf 85' lang='grc' dir='ltr'><em>φ</em></span> 
     </span>
    </p>
   </div>
   <div class='ocr_carea' id='block_1_6' title="bbox 483 2564 1953 2706">
    <p class='ocr_par' dir='ltr' id='par_1_8' title="bbox 483 2564 1953 2706">
     <span class='ocr_line' id='line_1_32' title="bbox 586 2564 1953 2668; baseline 0.002 -21"><span class='ocrx_word' id='word_1_216' title='bbox 586 2612 701 2656; x_wconf 75' lang='lat'><strong>§206</strong></span> <span class='ocrx_word' id='word_1_217' title='bbox 725 2629 771 2642; x_wconf 92' lang='lat'>=</span> <span class='ocrx_word' id='word_1_218' title='bbox 792 2608 885 2649; x_wconf 74' lang='lat' dir='ltr'><strong>Ant.</strong></span> <span class='ocrx_word' id='word_1_219' title='bbox 913 2609 1000 2648; x_wconf 84' lang='lat' dir='ltr'>Iud.</span> <span class='ocrx_word' id='word_1_220' title='bbox 1029 2608 1121 2648; x_wconf 86' lang='lat' dir='ltr'><em>XIX</em></span> <span class='ocrx_word' id='word_1_221' title='bbox 1142 2613 1216 2649; x_wconf 83' lang='lat'><em>236</em></span> <span class='ocrx_word' id='word_1_222' title='bbox 1232 2623 1289 2661; x_wconf 82' lang='lat' dir='ltr'><em>sq.</em></span> <span class='ocrx_word' id='word_1_223' title='bbox 1398 2614 1419 2659; x_wconf 62' lang='grc' dir='ltr'><em>ς</em></span> <span class='ocrx_word' id='word_1_224' title='bbox 1441 2614 1515 2650; x_wconf 80' lang='lat'><em>207</em></span> <span class='ocrx_word' id='word_1_225' title='bbox 1545 2631 1594 2644; x_wconf 88' lang='lat'><strong><em>=</em></strong></span> <span class='ocrx_word' id='word_1_226' title='bbox 1621 2613 1718 2652; x_wconf 76' lang='lat' dir='ltr'>Ant.</span> <span class='ocrx_word' id='word_1_227' title='bbox 1746 2611 1825 2650; x_wconf 86' lang='lat' dir='ltr'>Iud.</span> <span class='ocrx_word' id='word_1_228' title='bbox 1842 2564 1953 2668; x_wconf 52' lang='grc' dir='ltr'><em>Αἰ</em></span> 
     </span>
     <span class='ocr_line' id='line_1_33' title="bbox 483 2660 1254 2706; baseline 0.009 -10"><span class='ocrx_word' id='word_1_229' title='bbox 483 2663 566 2698; x_wconf 73' lang='lat'>246.</span> <span class='ocrx_word' id='word_1_230' title='bbox 622 2663 644 2706; x_wconf 67' lang='grc' dir='ltr'><em>ς</em></span> <span class='ocrx_word' id='word_1_231' title='bbox 664 2663 738 2699; x_wconf 80' lang='lat'><em>209</em></span> <span class='ocrx_word' id='word_1_232' title='bbox 762 2680 810 2693; x_wconf 91' lang='lat'>=</span> <span class='ocrx_word' id='word_1_233' title='bbox 832 2660 925 2700; x_wconf 75' lang='lat' dir='ltr'>Ant.</span> <span class='ocrx_word' id='word_1_234' title='bbox 946 2660 1031 2700; x_wconf 83' lang='lat' dir='ltr'>Iud.</span> <span class='ocrx_word' id='word_1_235' title='bbox 1054 2660 1146 2700; x_wconf 87' lang='lat' dir='ltr'><em>XIX</em></span> <span class='ocrx_word' id='word_1_236' title='bbox 1168 2666 1254 2703; x_wconf 78' lang='lat'><strong>242.</strong></span> 
     </span>
    </p>
   </div>
  </div>
 </body>
</html>
