2352 3080
430 706 477 740 12

432 1088 478 1123 13

435 2011 482 2045 14

505 269 597 315 168
884 268 992 306 ΤΟΤ
1017 266 1314 305 ΙΟΤΔΑῙΚΟΤ
1339 266 1611 303 ΠΟΛΕΜΟΥ

505 385 558 433 ἐν
605 392 670 448 τῷ
720 388 830 446 ζῆν,
878 385 993 445 μετὰ
1039 384 1128 443 τὴν
1176 384 1400 430 διάλυσιν
1448 381 1698 429 ἀθάνατον
1737 382 1912 442 τιμωρί

505 462 713 523 ὑφέξειν.

602 539 757 598 <158>
791 545 940 585 ταῦτα
973 535 1060 598 μὲν
1093 533 1183 584 οὖν
1209 535 1433 597 Ἐσσηνοὶ
1467 535 1576 597 περὶ
1613 542 1767 597 ψυχῆς
1799 537 1912 581 θεολ

506 623 699 677 γοΰσιν,
746 617 965 675 ἄφυκτον
1012 613 1179 676 δέλεαρ
1228 622 1328 668 τοῖς
1373 612 1494 669 ἅπαξ
1535 611 1845 674 γευσαμένοις
1882 627 1912 657 τ

507 695 681 754 σοφίας
721 692 881 739 αὐτῶν
921 690 1244 751 ἐγκαθιέντες·
1299 690 1457 750 <159>
1496 689 1590 737 εἰσὶ
1631 688 1677 735 δ’
1723 689 1773 736 ἐν
1807 689 1912 735 αὐτ(

507 772 557 817 οἳ
612 767 691 816 καὶ
751 763 808 815 τὰ
868 767 1102 830 μέλλοντα
1152 765 1549 831 [προγιγνώσκειν
1606 766 1912 827 ὑπισχνοῦντι

507 849 694 907 βίβλοις
735 845 883 908 ἱεραῖς
921 843 1000 893 καὶ
1042 846 1296 906 διαφόροις
1337 843 1551 904 ἁγνείαις
1587 842 1668 890 καὶ
1708 849 1912 906 προφητι·

507 921 883 984 ἀποφθέγμασιν
910 922 1436 984 ἐμπαιδοτριβούμενοι.
1479 920 1688 968 σπάνιον
1708 922 1738 967 δ
1746 920 1757 938 ’
1789 925 1835 967 εἴ
1853 935 1911 966 πο

508 999 561 1046 ἐν
594 1004 697 1055 ταῖς
731 1000 1139 1061 προαγορεύσεσιν
1172 997 1475 1059 ἀστοχοῦσιν.

602 1077 761 1138 <160>
795 1078 893 1124 ἔστι
928 1074 982 1123 δὲ
1014 1074 1093 1122 καὶ
1119 1074 1284 1138 ἕτερον
1307 1074 1551 1135 Ἐσσηνῶν
1576 1074 1748 1135 τάγμα,
1775 1076 1912 1121 ,δίαιτο

506 1151 595 1215 μὲν
646 1147 754 1202 καί
781 1156 871 1214 ἔθη
924 1152 1003 1200 καὶ
1056 1154 1234 1214 νόμιμα
1286 1160 1387 1207 τοῖς
1433 1153 1598 1207 ἄλλοις
1643 1151 1907 1213 ὁμοφρονοῦ

507 1232 706 1286 διεστὼς
738 1228 793 1277 δὲ
825 1236 883 1292 τῇ
922 1230 1041 1277 κατὰ
1080 1229 1236 1290 γάμον
1278 1227 1405 1291 δόξῃ.
1470 1227 1698 1290 μέγιστον
1731 1229 1818 1288 γὰρ
1850 1226 1912 1273 ἀπε

505 1310 701 1354 κόπτειν
741 1311 925 1354 οἴονται
968 1313 1055 1353 τοῦ
1090 1308 1201 1366 βίου
1241 1305 1404 1368 μέρος,
1443 1306 1533 1365 τὴν
1566 1305 1816 1366 διαδοχήν,
1852 1300 1912 1349 ταί

507 1384 570 1445 μὴ
604 1389 897 1445 γαμοῦντας,
937 1386 1120 1443 μᾶλλον
1160 1381 1224 1443 δ’,
1264 1384 1309 1430 εἰ
1339 1381 1513 1438 πάντες
1550 1383 1604 1429 τὸ
1639 1383 1757 1429 αὐτὸ
1790 1393 1912 1442 φροντ

508 1472 658 1520 σειαν,
695 1459 903 1507 ἐκλιπεῖν
936 1460 997 1507 ἂν
1030 1460 1158 1507 ἅπαν
1190 1461 1244 1507 τὸ
1277 1459 1418 1521 γένος
1449 1458 1659 1520 τάχιστα.
1701 1459 1852 1519 <161>
1878 1454 1912 1499 ὃ(

508 1537 782 1597 κιμάζοντες
820 1535 984 1598 μέντοι
1023 1534 1204 1599 τριετίᾳ
1241 1536 1325 1592 τὰς
1364 1537 1589 1598 γαμετάς,
1636 1536 1828 1584 ἐπειδὰν
1862 1527 1912 1590 τρὶ

508 1618 827 1675 καθαρθῶσιν
860 1615 929 1669 εἰς
960 1622 1132 1676 πεῖραν
1171 1619 1257 1660 τοῦ
1292 1613 1536 1660 δύνασθαι
1576 1616 1777 1674 τίκτειν,
1818 1609 1912 1658 οῧτίῑ

510 1691 723 1750 ἄγονται.
789 1699 891 1746 ταῖς
925 1689 970 1736 δ’
1008 1689 1269 1752 ἐγκύμοσιν
1303 1690 1391 1751 οὐχ
1424 1689 1695 1751 ὁμιλοῦσιν,
1731 1689 1912 1737 ἐνδεικντ

508 1785 645 1829 μενοι
681 1768 734 1815 τὸ
775 1768 839 1828 μὴ
882 1766 948 1814 δι’
995 1767 1177 1828 ἡδονὴν
1219 1767 1340 1814 ἀλλὰ
1380 1766 1561 1815 τέκνων
1607 1766 1751 1828 χάριν
1791 1769 1911 1827 γαμεῢ

510 1845 688 1907 λουτρὰ
722 1841 775 1892 δὲ
808 1853 912 1900 ταῖς
945 1842 1168 1903 γυναιξὶν
1202 1843 1550 1906 ἀμπεχομέναις
1589 1842 1849 1905 ἐνδύματα,
1880 1856 1912 1886 κ(

508 1923 666 1982 θάπερ
700 1930 802 1977 τοῖς
835 1920 1071 1984 ἀνδράσιν
1106 1920 1159 1968 ἐν
1190 1921 1489 1982 περιζώματι.

606 1998 765 2059 <162>
797 2005 995 2046 τοιαῦτα
1035 1996 1122 2059 μὲν
1162 1999 1252 2058 ἔθη
1286 1998 1429 2045 τοῦδε
1462 2004 1549 2046 τοῦ
1589 1997 1846 2059 τάγματος,
1875 1996 1912 2042 δτ

511 2071 565 2120 δὲ
610 2083 708 2121 τῶν
753 2075 1000 2137 προτέρων
1043 2078 1300 2137 Φαρισαῖοι
1347 2072 1436 2136 μὲν
1482 2076 1535 2121 oc
1571 2076 1828 2129 δοκοῦντες
1867 2089 1912 2134 με

510 2149 754 2213 ἀκριβείας
787 2150 1059 2213 ἐξηγεῖσθαι
1093 2152 1151 2198 τὰ
1182 2154 1361 2214 νόμιμα
1392 2151 1473 2199 καὶ
1505 2152 1594 2212 τὴν
1627 2152 1823 2213 πρώτην
1855 2150 1911 2197 ἀπ

511 2244 678 2287 γοντες
723 2227 929 2290 αἵρεσιν,
976 2228 1234 2290 εἱμαρμένῃ
1280 2245 1330 2276 τε
1373 2227 1455 2275 καὶ
1500 2233 1602 2292 θεῷ
1641 2229 1912 2287 προσάπτοι·

510 2302 686 2364 πάντα,
728 2305 886 2364 <163>
919 2303 1000 2351 καὶ
1034 2305 1087 2352 τὸ
1121 2302 1210 2365 μὲν
1242 2306 1467 2368 πράττειν
1502 2307 1561 2354 τὰ
1602 2307 1764 2353 δίκαια
1797 2304 1877 2353 καὶ
1909 2343 1911 2363 4

510 2381 628 2428 κατὰ
659 2381 712 2428 τὸ
739 2385 965 2442 πλεζστον
994 2379 1069 2428 ἐπὶ
1096 2390 1196 2437 τοῖς
1223 2380 1501 2445 ἀνθρώποις
1528 2389 1737 2444 κεῖσθαι,
1771 2387 1912 2445 βοηθι

511 2456 557 2504 δ’
595 2459 663 2513 εἰς
693 2456 894 2506 ἕκαστον
926 2457 1005 2506 καὶ
1039 2459 1127 2519 τὴν
1161 2459 1484 2521 εἱμαρμένην·
1520 2463 1681 2523 ψυχὴν
1720 2461 1775 2511 δὲ
1819 2476 1912 2513 πᾶσ

511 2532 599 2595 μὲν
638 2535 916 2596 ἄφθαρτον,
963 2538 1270 2596 μεταβαίνειν
1310 2536 1350 2582 δ’
1391 2538 1460 2591 εἰς
1500 2536 1666 2598 ἕτερον
1713 2548 1852 2602 σῶμα
1890 2561 1912 2589 τ

510 2619 608 2659 τῶν
628 2610 829 2671 ἀγαθῶν
856 2614 1028 2673 μόνην,
1055 2613 1140 2667 τὰς
1166 2609 1221 2658 δὲ
1246 2620 1345 2659 τῶν
1371 2614 1574 2673 φαύλων
1600 2614 1743 2680 ἀιδίῳ
1772 2634 1912 2680 τιμως

607 2703 632 2746 §
651 2702 730 2738 162
757 2718 807 2732 ==
826 2698 922 2739 Ant.
951 2698 1038 2740 Iud.
1064 2699 1200 2739 XVIII
1218 2703 1280 2738 13.
