2352 3080
479 237 574 283 376
846 238 955 275 ΤΟΤ
983 239 1278 275 IOTAAIKOT
1306 238 1573 275 ΠΟΛΕΜΟΥ

472 354 764 415 Ἰδουμαίας.
817 353 975 414 (524)
1009 353 1083 417 ἐφ’
1125 349 1199 410 οἷς
1230 353 1471 410 ἑστιαθεὶς
1503 356 1816 416 φιλοφρόνως
1842 354 1934 400 ὑπὸ

479 438 568 478 τοῦ
589 433 813 493 Σίμωνος
838 431 919 478 καὶ
946 436 1182 493 λαμπραῖς
1203 430 1430 493 ἐπαρθεὶς
1454 430 1786 492 ὑποσχέσεσιν,
1813 431 1935 477 ἐπει-

482 509 632 568 δήπερ
660 510 730 563 είς
755 511 870 563 τοὺς
896 507 1159 570 σφετέρους
1188 507 1501 569 ὑπέστρεψεν,
1534 509 1588 555 τὸ
1620 507 1709 569 μὲν
1742 516 1935 569 πρῶτον

479 586 872 632 πολλαπλασίονα
909 586 999 646 τὴν
1038 585 1267 646 στρατιὰν
1305 591 1394 631 τοῦ
1428 588 1652 645 Σίμωνος
1691 584 1936 645 ἐψεύδετο,

477 661 635 721 (525)
668 663 829 708 ἔπειτα
871 661 1177 724 δεξιούμενος
1213 661 1328 717 τούς
1358 659 1408 708 θ’
1449 660 1685 722 ἡγεμόνας
1715 661 1798 708 καὶ
1830 661 1931 708 κατ’

479 738 675 799 ὀλίγους
719 747 816 785 πᾶν
860 738 917 784 τὸ
960 740 1150 798 πλῆθος
1194 736 1366 798 ἐνῆγεν
1411 737 1533 784 ὥστε
1577 736 1808 793 δέξασθαι
1851 739 1941 785 τὸν

479 819 683 877 Σίμωνα
723 813 805 862 καὶ
846 814 1150 877 παραδοῦναι
1191 814 1303 875 δίχα
1343 812 1495 875 μάχης
1537 814 1665 877 αὐτῷ
1708 815 1798 874 τὴν
1841 824 1941 861 τῶν

479 893 607 940 ὅλων
639 892 805 954 ἀρχήν.
859 890 1018 952 (526)
1049 892 1148 952 ἅμα
1173 887 1227 937 δὲ
1252 897 1402 938 ταῦτα
1427 892 1833 953 διαπραττόμενος
1856 892 1940 938 καὶ

479 971 683 1030 Σίμωνα
714 967 782 1015 δι’
817 966 1037 1029 ἀγγέλων
1068 966 1240 1028 ἐκάλει,
1274 967 1525 1016 σκεδάσειν
1553 969 1941 1030 ὑπισχνούμενος

479 1048 593 1101 τοὺς
617 1045 941 1107 Ἰδουμαίους.
1005 1045 1032 1093 ὃ
1066 1045 1127 1106 δὴ
1159 1043 1412 1107 παρέσχεν·
1460 1044 1619 1106 (527)
1652 1047 1717 1101 ὡς
1749 1047 1843 1107 γὰρ
1877 1043 1971 1106 ἦν]

478 1124 569 1184 ἤδη
602 1125 809 1184 πλησίον
841 1121 870 1183 ἡ
910 1120 1130 1184 στρατιά,
1168 1130 1356 1183 πρῶτος
1394 1122 1702 1184 ἀναπηδήσας
1740 1122 1819 1170 ἐπὶ
1852 1124 1941 1171 τὸν

479 1201 628 1248 ἵππον
667 1200 784 1262 μετὰ
824 1208 922 1247 τῶν
964 1198 1435 1261 συνδιεφθαρμένων
1476 1202 1662 1261 ἔφευγε.
1726 1202 1850 1247 πτόα
1893 1199 1938 1246 δ’

479 1277 698 1339 ἐμπίπτει
730 1274 874 1324 παντὶ
905 1281 972 1339 τῷ
1004 1276 1198 1336 πλήθει,
1229 1274 1388 1336 (528)
1420 1274 1500 1323 καὶ
1534 1275 1650 1339 πρὶν
1677 1277 1745 1332 εἰς
1777 1286 1941 1338 χεῖρας

480 1354 644 1402 ἐλθεῖν
698 1351 929 1407 λυθέντες
975 1351 1026 1399 ἐκ
1069 1359 1155 1412 τῆς
1205 1350 1380 1408 τάξεως
1425 1352 1702 1414 ἀνεχώρουν
1746 1352 1939 1402 ἕκαστοι

480 1431 599 1493 πρὸς
630 1429 688 1476 τὰ
724 1430 836 1477 ἴδια.
1961 1451 1971 1477 ι

430 1521 451 1555 7
576 1505 734 1567 (529)
774 1508 946 1567 Σίμων
985 1503 1041 1554 δὲ
1078 1507 1207 1568 παρὰ
1246 1505 1392 1563 δόξαν
1430 1509 1500 1562 εἰς
1538 1507 1626 1567 τὴν
1656 1506 1938 1568 Ἰδουμαίαν

481 1583 731 1643 εἰσήλασεν
763 1581 1013 1645 ἀναιμωτί,
1043 1582 1124 1630 καὶ
1156 1584 1446 1646 προσβαλὼν
1471 1583 1715 1644 ἀδοκήτως
1742 1586 1939 1646 πρώτην

480 1661 608 1722 αἱρεῖ
656 1660 744 1721 τὴν
791 1663 935 1708 πόλιν
981 1658 1210 1722 Χεβρών,
1263 1660 1316 1708 ἐν
1361 1654 1392 1721 ἶ
1436 1663 1659 1720 πλείστης
1710 1661 1939 1723 ἐκράτησε

480 1739 630 1799 λείας,
669 1736 925 1799 πάμπολυν
965 1734 1020 1784 δὲ
1059 1737 1293 1799 διήρπασε
1331 1739 1527 1799 καρπόν.
1593 1737 1753 1798 (530)
1789 1739 1853 1794 ὡς
1887 1738 1942 1784 δέ

480 1827 632 1876 φασιν
671 1815 724 1862 oc
757 1811 1003 1876 ἐπιχώριοι
1042 1814 1131 1875 τὴν
1171 1815 1372 1876 Χεβρὼν
1412 1814 1470 1862 οὐ
1509 1816 1661 1876 μόνον
1694 1823 1793 1862 τῶν
1825 1816 1938 1877 τῇδε
1958 1833 1971 1860 2

479 1894 666 1939 πόλεων
704 1892 826 1939 ἀλλὰ
864 1889 944 1939 καὶ
986 1897 1071 1953 τῆς
1109 1890 1163 1939 ἐν
1197 1892 1428 1955 ,Αἰγύπτῳ
1460 1890 1706 1953 Μέμφεως
1746 1892 1938 1953 ἀρχαιο-

479 1968 639 2030 τέραν·
680 1970 890 2030 δισχίλια
921 1975 1045 2030 γοῦν
1083 1967 1204 2030 αὐτῇ
1235 1967 1315 2015 καὶ
1348 1967 1577 2030 τριακόσι’
1620 1970 1699 2030 ἔτη
1740 1981 1938 2030 συναρι-

479 2050 686 2107 θμεῖται.
758 2045 914 2106 (531)
960 2046 1232 2108 μυθεύουσι
1280 2044 1322 2092 δ’
1376 2045 1527 2106 αὐτὴν
1571 2048 1938 2107 κατοικητήριον

478 2120 717 2184 Ἀβράμου
750 2129 838 2170 τοῦ
865 2121 1124 2170 Ἰουδαίων
1155 2124 1400 2184 προγόνου
1431 2121 1680 2183 γεγονέναι
1708 2123 1824 2184 μετὰ
1852 2125 1939 2183 τὴν

484 2198 535 2246 ἐκ
579 2204 662 2259 τῆς
701 2201 1074 2259 Μεσοποταμίας
1113 2198 1465 2260 ἀπανάστασιν,
1511 2199 1624 2254 τούς
1669 2216 1720 2246 τε
1766 2201 1939 2254 παῖδας
1958 2217 1971 2243 2

484 2274 634 2323 αὐτοῦ
669 2273 863 2335 λέγουσι
895 2277 1159 2335 καταβῆναι
1193 2276 1261 2331 είς
1294 2279 1546 2336 Αἴγυπτον
1580 2278 1744 2323 ἔνθεν·
1786 2277 1938 2336 (532)

485 2346 553 2400 ὧν
585 2351 664 2399 καὶ
698 2351 756 2398 τὰ
788 2359 992 2413 μνημεῖα
1025 2350 1161 2414 μέχρι
1194 2359 1281 2399 τοῦ
1308 2359 1403 2399 νῦν
1430 2351 1483 2399 ἐν
1508 2353 1621 2414 τῇδε
1646 2360 1705 2415 τῇ
1738 2357 1938 2415 πολίχνῃ

484 2431 741 2490 δείκνυται,
768 2427 898 2477 πάνυ
924 2431 1069 2490 καλῆς
1088 2428 1340 2490 μαρμάρου
1360 2427 1442 2477 καὶ
1462 2432 1725 2491 φιλοτίμως
1753 2433 1938 2492 εἰργασ-

482 2505 613 2568 μένα.
666 2505 823 2568 (533)
855 2507 1099 2554 δείκνυται
1126 2504 1168 2553 δ’
1209 2505 1301 2553 ἀπὸ
1329 2507 1539 2555 σταδίων
1564 2507 1612 2563 ἓξ
1645 2514 1734 2555 τοῦ
1763 2509 1939 2562 ἄστεως

483 2582 762 2645 τερέβινθος
806 2586 1026 2647 μεγίστη,
1070 2581 1152 2631 καὶ
1199 2582 1319 2644 φασὶ
1365 2584 1419 2631 τὸ
1466 2580 1672 2646 δένδρον
1720 2583 1813 2632 ἀπὸ
1860 2591 1938 2644 τῆς
1955 2599 1970 2625 3

448 2662 665 2719 κτίσεως
695 2661 844 2729 μέχρι
877 2669 977 2714 νῦν
1012 2659 1278 2729 διαμένειν.
1341 2660 1496 2723 <5545
1537 2662 1679 2708 ἔνθεν
1711 2660 1738 2708 ὁ
1773 2664 1938 2722 Σίμων
