2352 3080
482 260 577 314 '140
857 269 966 306 ΤοΤ
992 266 1292 306 ῙοΤΔΑῙΚοΤ
1316 266 1587 305 ΠΟΛΕΜΟΥ

479 385 665 431 τούτων
705 383 745 431 δ’
794 372 1060 446 οἰχομένων
1092 378 1306 445 ’ἐδήλουν
1350 383 1444 444 ἤδη
1485 392 1587 438 τοῖς
1620 378 1910 444 στρατιώταις

479 459 560 507 καὶ
607 467 821 521 συνῆγον
861 461 1037 516 αὐτοὺς
1083 462 1151 516 εἰς
1191 460 1446 521 ἐκκλησίαν
1485 461 1602 521 μετὰ
1641 465 1731 506 τοῦ
1772 461 1907 504 λοιπο

480 538 700 598 πλήθους
733 537 785 585 ἐν
818 544 885 601 τῷ
916 535 1031 584 καθ’
1060 536 1354 598 Ἱεριχοῦντα
1391 536 1722 599 ἀμφιθεάτρῳ.
1787 535 1906 594 <667

481 617 604 662 ἔνθα
656 615 916 675 παρελθὼν
969 618 1268 675 Πτολεμαῖος
1320 613 1346 661 ὁ
1398 612 1479 660 καὶ
1531 614 1618 661 τὸν
1671 607 1909 673 σημαντῆρ

480 692 743 738 δακτύλιον
782 692 911 753 παρὰ
949 697 1036 737 τοῦ
1076 690 1311 751 βασιλέως
1347 689 1748 751 πεπιστευμένος,
1780 691 1864 736 τόν
1893 705 1910 734 τ

481 767 681 828 βασιλέα
713 768 1120 828 κατευδαιμονίζει
1146 766 1226 814 καὶ
1253 768 1307 814 τὸ
1334 772 1522 828 πλῆθος
1549 770 1828 828 παρακαλεῖ,
1859 765 1909 823 τή

480 844 522 891 τ’
560 844 944 905 ἀπολειφθεῖσαν
976 853 1077 899 τοῖς
1111 845 1422 905 στρατιώταις
1457 844 1814 904 ἀνεγίγνωσκεν
1847 841 1910 888 ε’πι

482 923 674 981 στολήν,
708 920 761 968 ἐν
792 914 823 983 ᾖ
855 921 1010 968 πολλὰ
1035 918 1146 982 περὶ
1172 928 1257 981 τῆς
1283 922 1351 975 είς
1377 921 1463 968 τὸν
1490 920 1723 981 διάδοχον
1758 919 1910 966 εὐνοία

479 998 748 1060 παρεκάλει.
812 998 970 1058 <668>
1008 998 1125 1058 μετὰ
1168 994 1222 1044 δὲ
1261 998 1350 1058 τὴν
1390 996 1647 1057 ἐπιστολὴν
1680 998 1832 1051 λύσας
1862 995 1910 1041 τὰ

481 1074 795 1134 ἐπιδιαθήκας
828 1074 1204 1134 ἀνεγίγνωσκεν,
1251 1073 1304 1121 ἐν
1342 1067 1418 1129 αἶς
1455 1076 1698 1129 Φίλιππος
1738 1074 1826 1134 μὲν
1858 1088 1909 1118 το

487 1151 740 1212 Τράχωνος
779 1149 861 1197 καὶ
900 1157 997 1197 τῶν
1040 1148 1361 1210 γειτνιώντων
1401 1153 1592 1212 χωρίων
1634 1152 1910 1211 κληρονόμος

480 1227 737 1290 τετράρχης
778 1226 843 1288 δ’,
887 1228 951 1282 ὡς
989 1219 1300 1288 προείπομεν,
1339 1226 1584 1288 Ἀντίπας,
1630 1229 1857 1288 βασιλεὺς
1893 1225 1910 1271 ἑ

474 1302 728 1365 Ἀρχέλαος
757 1303 1083 1350 ἀπεδείκνυτο.
1142 1304 1301 1364 <669>
1326 1305 1481 1367 τούτῳ
1509 1302 1563 1350 δὲ
1589 1306 1675 1352 τόν
1696 1320 1748 1350 τε
1774 1304 1910 1350 δακτι

480 1385 590 1428 λιον
622 1381 708 1428 τὸν
748 1378 922 1427 ἑαυτοῦ
956 1382 1164 1440 Καίσαρι
1206 1380 1375 1443 φέρειν
1415 1380 1704 1440 ἐνετέλλετο,
1744 1379 1824 1428 καὶ
1862 1380 1910 1426 τὰ

482 1458 742 1516 διοικήσεις
786 1463 870 1516 τῆς
915 1459 1158 1516 βασιλείας
1206 1456 1581 1519 σεσημασμένας·
1634 1458 1809 1518 κύριον
1854 1456 1910 1516 γᾶ

482 1531 708 1580 ἁπάντων
748 1527 817 1579 ὧν
856 1533 1092 1589 διατάξειε
1129 1532 1210 1580 καὶ
1251 1534 1520 1594 βεβαιωτὴν
1558 1541 1657 1581 τῶν
1696 1535 1910 1594 διαθηκῶ

481 1606 608 1662 εἶναι,
646 1611 885 1672 Καίσαρα’
937 1610 995 1656 τά
1034 1627 1090 1669 γε
1128 1611 1223 1671 μὴν
1256 1611 1401 1658 λοιπὰ
1439 1611 1559 1657 κατὰ
1597 1611 1682 1666 τὰς
1716 1609 1910 1673 προτέρα

438 1686 443 1692 ’
482 1687 718 1746 διαθήκας
750 1685 1026 1747 φυλάττειν.

577 1764 736 1824 <670>
770 1764 860 1823 βοὴ
900 1761 947 1809 δ’
991 1762 1143 1818 εὐθὺς
1183 1761 1370 1823 ἐγένετο
1404 1770 1503 1810 τῶν
1531 1762 1767 1827 Ἀρχελάῳ
1803 1777 1910 1811 συντ

482 1839 724 1901 δομένων,
768 1837 849 1886 καὶ
895 1839 1013 1886 κατὰ
1057 1848 1228 1900 στῖφος
1274 1840 1326 1886 οἰ
1367 1848 1652 1900 στρατιῶται
1700 1842 1817 1901 μετὰ
1859 1857 1910 1887 το

479 1918 701 1977 πλήθους
753 1918 1034 1979 προσιόντες
1084 1915 1410 1977 ὑπισχνοῦντο
1473 1913 1562 1977 μὲν
1620 1917 1710 1976 τὴν
1765 1915 1910 1964 ἑαυτῶ

482 1994 696 2053 εὔνοιαν,
729 1993 1031 2054 συνηύχοντο
1065 1990 1120 2039 δὲ
1151 1990 1231 2039 καὶ
1257 1993 1346 2053 τὴν
1378 1993 1507 2054 παρὰ
1533 1999 1621 2040 τοῦ
1648 1997 1785 2041 θεοῦ.
1831 1994 1910 2054 μετ

480 2076 631 2116 ταῦτα
669 2070 789 2130 πρὸς
830 2069 990 2130 ταφὴν
1034 2068 1295 2131 ἐτράποντο
1342 2075 1430 2116 τοῦ
1477 2068 1724 2129 βασιλέως.
1789 2071 1910 2129 <671

480 2144 710 2207 παρέλιπε
756 2143 805 2191 δ’
849 2142 995 2192 οὐδὲν
1033 2144 1287 2208 Ἀρχέλαος
1333 2147 1402 2201 εἰς
1447 2145 1782 2207 πολυτέλειαν,
1828 2147 1910 2194 ἀλλ

479 2222 636 2268 πάντα
681 2222 767 2269 τὸν
813 2224 1060 2281 βασίλειον
1106 2224 1287 2283 κόσμον
1333 2222 1598 2285 προήνεγκε
1639 2235 1910 2284 συμπομπει

481 2310 628 2346 σοντα
667 2303 734 2362 τῷ
775 2305 943 2363 νεκρῷ.
1007 2301 1146 2358 κλίνη
1186 2297 1274 2360 μὲν
1313 2299 1405 2361 γὰρ
1446 2298 1711 2360 ὁλόχρυσος
1749 2297 1811 2360 ἦν
1843 2301 1910 2347 διε

479 2379 636 2435 λιθος,
669 2376 892 2436 στρωμνὴ
927 2373 974 2422 δ’
1017 2374 1246 2435 ἁλουργὶς
1279 2377 1496 2435 ποικίλη,
1529 2376 1583 2422 τὸ
1619 2384 1755 2438 σῶμα
1789 2376 1830 2423 δ’
1871 2376 1910 2423 ἐπ’

480 2453 627 2513 αὐτῆς
662 2452 893 2514 πορφύρᾳ
924 2450 1294 2513 κεκαλυμμένον.
1358 2450 1438 2498 καὶ
1479 2453 1690 2514 διάδημα
1723 2451 1812 2514 μὲν
1846 2453 1910 2500 ἐπε

479 2546 606 2577 κειτο
646 2536 704 2591 τῇ
743 2533 951 2591 κεφαλῇ,
996 2528 1235 2590 στέφανος
1277 2527 1320 2575 δ’
1365 2526 1487 2589 ὑπὲρ
1529 2529 1681 2576 αὐτοῦ
1721 2536 1910 2591 χρυσοῦς

479 2607 533 2653 τὸ
581 2604 635 2654 δὲ
682 2612 925 2667 σκῆπτρον
972 2606 1100 2667 παρὰ
1138 2606 1227 2666 τὴν
1274 2605 1448 2661 δεξιάν.
1513 2607 1672 2667 <672>
1715 2605 1795 2653 καὶ
1838 2623 1910 2667 πε(

581 2698 605 2741 ἓ
626 2697 701 2732 668
729 2712 777 2726 =
805 2694 900 2734 Ant.
929 2693 1014 2733 Iud.
1036 2694 1150 2733 XVII
1173 2696 1274 2732 194.·
