2352 3080
482 238 578 284 296
862 238 971 275 ΤΟΤ
996 237 1293 276 ΙΟΤΔΑΙΚΟΤ
1318 236 1589 275 ΠΟΛΕΜΟΥ

481 357 571 416 τὴν
606 356 912 415 Πτολεμαΐδα
952 354 1139 402 ἐκεῖθεν
1183 354 1251 408 είς
1282 353 1371 413 τὴν
1403 351 1643 415 παράλιον
1675 352 1902 414 ἀφικνεῖται

482 432 794 493 Καισάρειαν,
826 435 1055 493 μεγίστην
1086 448 1138 479 τε
1163 430 1408 485 Ἰουδαίας
1437 432 1581 477 πόλιν
1606 429 1688 477 καὶ
1711 431 1764 477 τὸ
1792 426 1904 475 πλέον

481 507 569 569 ὑφ’
607 506 850 568 Ἑλλήνων
890 507 1250 569 έποικουμένην.
1314 507 1474 567 <410>
1519 505 1738 568 ἐδέχοντο
1778 504 1821 553 δὲ
1848 500 1903 550 καὶ

482 586 570 646 τὴν
612 585 840 647 στρατιὰν
878 583 959 632 καὶ
997 585 1083 632 τὸν
1124 584 1390 647 στρατηγὸν
1437 584 1555 645 μετὰ
1600 584 1754 644 πάσης
1794 583 1904 643 εὐφη-

482 665 592 724 μίας
622 660 704 709 καὶ
739 662 1105 724 φιλοφροσύνης
1132 662 1184 709 οἰ
1206 659 1470 724 ἐπιχώριοι,
1501 659 1582 708 καὶ
1611 659 1708 708 κατ’
1750 661 1904 708 εὔνοιαν
1929 668 1943 698 ⁵

482 737 570 800 μὲν
603 740 691 799 τὴν
723 740 843 800 πρὸς
875 741 990 794 τοὺς
1016 737 1296 799 Ῥωμαίους,
1326 738 1382 786 τὸ
1415 734 1471 784 δὲ
1502 736 1651 785 πλέον
1684 739 1807 799 ἔχθει
1832 740 1905 781 τῶν

482 814 920 877 κατεστραμμένων.
985 816 1062 863 διὸ
1094 813 1176 862 καὶ
1208 815 1295 862 τὸν
1324 813 1565 875 Ἰώσηπον
1598 814 1774 877 ἀθρόοι
1798 826 1906 860 κατα-

482 895 690 952 βοῶντες
721 890 891 953 ἠξίουν
922 891 1152 950 κολάζειν.
1216 891 1376 953 <411>
1403 890 1742 947 ’ὃεσπασιανὸς
1771 887 1816 937 δὲ
1841 888 1905 946 τὴν

482 967 570 1030 μὲν
615 967 724 1031 περὶ
768 970 946 1017 τούτου
993 968 1159 1030 δέησιν
1207 967 1271 1025 ὡς
1308 967 1387 1015 ὑπ’
1435 968 1638 1032 ἀκρίτου
1685 965 1906 1030 γενομένην

482 1046 704 1106 πλήθους
737 1045 957 1103 ἐξέλυσεν
989 1045 1179 1109 ἡσυχίᾳ,
1212 1046 1372 1107 <412>
1403 1053 1503 1093 τῶν
1529 1043 1583 1093 δὲ
1609 1044 1844 1107 ταγμάτων
1864 1039 1906 1086 τὰ
1920 1052 1946 1080 1⁰

482 1120 569 1184 μὲν
609 1123 699 1170 δύο
742 1129 1075 1186 χειμεριοῦντα
1121 1121 1348 1171 ἐκάθισεν
1394 1120 1473 1170 ἐπὶ
1516 1128 1603 1183 τῆς
1642 1120 1907 1182 Καισαρείας,

483 1200 753 1260 ἐπιτήδειον
781 1199 909 1261 ὁρῶν
935 1201 1025 1261 τὴν
1051 1201 1210 1260 πόλιν,
1236 1201 1290 1247 τὸ
1316 1198 1519 1247 δέκατον
1545 1196 1601 1246 δὲ
1625 1198 1706 1247 καὶ
1732 1198 1907 1259 πέμπτον

482 1279 551 1333 εἰς
583 1279 924 1337 Σκυθόπολιν,
964 1277 1029 1332 ὡς
1065 1276 1130 1337 μὴ
1162 1279 1331 1338 θλίβοι
1363 1274 1508 1324 παντὶ
1539 1281 1607 1340 τῷ
1641 1280 1818 1338 στρατῷ
1843 1271 1907 1329 τὴν

482 1352 793 1415 Καισάρειαν.
857 1353 1016 1413 <413>
1061 1352 1248 1414 ἀλεεινὴ
1289 1352 1335 1400 δ’
1378 1349 1440 1414 ἦν
1477 1352 1673 1414 κάκείνη
1716 1357 1908 1414 χειμῶνος

482 1430 605 1492 ὥρα,
649 1429 761 1477 καθ’
807 1429 925 1477 ὅσον
963 1426 1025 1490 ἦν
1063 1428 1309 1491 πνιγώδης
1345 1429 1525 1490 θέρους
1563 1429 1659 1477 ὑπὸ
1693 1425 1907 1489 καύματος,
1922 1431 1946 1462 ¹⁵

481 1507 648 1561 πεδιὰς
682 1502 804 1553 οὖσα
835 1505 916 1554 καὶ
942 1507 1187 1569 παράλιος.

576 1583 733 1644 <414>
776 1582 829 1630 ἐν
868 1581 922 1630 δὲ
960 1584 1117 1648 τούτῳ
1161 1582 1605 1646 συναθροισθέντες
1649 1584 1701 1631 οἵ
1737 1599 1785 1630 τε
1823 1575 1909 1628 κατὰ

483 1661 652 1708 στάσιν
693 1659 997 1716 ἐκπίπτοντες
1038 1668 1137 1708 τῶν
1182 1662 1371 1708 πόλεων
1412 1658 1494 1708 καὶ
1534 1661 1587 1708 οἱ
1629 1661 1911 1721 διαφυγόντες

481 1736 533 1784 ἐκ
571 1745 670 1785 τῶν
707 1736 1155 1801 κατεστραμμένων,
1194 1741 1381 1799 πλῆθος
1412 1737 1503 1784 οὐκ
1535 1736 1725 1798 ὀλίγον,
1759 1730 1912 1784 ἀνακτί-

482 1817 649 1871 ζουσιν
691 1813 855 1875 Ἰόπην
898 1814 1189 1877 ὁρμητήριον
1235 1815 1426 1876 σφίσιν,
1472 1813 1805 1875 ἐρημωθεῖσαν
1846 1806 1912 1857 ὑπὸ
1925 1812 1951 1844 ¹⁰

485 1894 692 1939 Κεστίου
726 1893 980 1954 πρότερον·
1013 1889 1171 1951 <415>
1202 1888 1283 1937 καὶ
1314 1897 1400 1952 τῆς
1431 1891 1590 1952 χώρας
1623 1889 1916 1950 ἐκπεπολεμω-

481 1966 626 2028 μένης
669 1967 1003 2030 ἀνειργόμενοι
1044 1969 1349 2030 μεταβαίνειν
1386 1967 1605 2027 ἔγνωσαν
1637 1969 1707 2023 εἰς
1738 1967 1825 2027 τὴν
1853 1961 1920 2011 θά-

481 2047 674 2104 λατταν,
710 2045 868 2106 <416>
903 2043 1166 2106 πηξάμενοί
1193 2060 1246 2092 τε
1276 2044 1526 2104 πειρατικὰ
1560 2042 1720 2105 σκάφη
1753 2048 1922 2091 πλεῖστα

481 2121 567 2167 τόν
601 2137 652 2167 τε
683 2123 871 2184 Συρίας
902 2121 982 2169 καὶ
1020 2123 1251 2182 Φοινίκης
1279 2119 1361 2168 καὶ
1386 2120 1473 2168 τὸν
1500 2118 1568 2168 ἐπ’
1611 2122 1838 2184 Αἰγύπτῳ
1862 2118 1927 2166 πό-

482 2213 571 2258 ρον
606 2193 879 2258 ἐλῄστευον,
911 2197 1107 2246 ἅπλωτά
1139 2215 1190 2246 τε
1223 2207 1372 2246 πᾶσιν
1405 2196 1605 2245 ἐποίουν
1637 2198 1698 2245 τὰ
1723 2199 1837 2260 τῇδε
1867 2212 1930 2244 πε-
1945 2211 1961 2241 ε

482 2273 616 2334 λάγη.
682 2272 841 2332 <417>
872 2272 1212 2330 ’ὃεσπασιανὸς
1251 2274 1291 2322 δ’
1335 2273 1399 2330 ὡς
1439 2275 1563 2335 ἔγνω
1597 2275 1687 2335 τὴν
1721 2273 1935 2331 σύνταξιν

482 2351 662 2411 αὐτῶν,
703 2348 873 2412 πέμπει
913 2351 1082 2408 πεζούς
1119 2367 1170 2399 τε
1207 2349 1289 2399 καὶ
1331 2351 1487 2406 ἱππεῖς
1527 2349 1605 2398 ἐπὶ
1643 2351 1734 2412 τὴν
1767 2350 1938 2411 Ἰόπην,

482 2432 532 2477 οἳ
555 2429 745 2490 νύκτωρ
773 2428 838 2484 ὡς
864 2427 1144 2490 ἀφύλακτον
1171 2427 1465 2490 εἰσέρχονται
1492 2428 1581 2488 τὴν
1602 2429 1761 2476 πόλιν.
1797 2428 1943 2488 (418)

485 2506 535 2552 οἱ
564 2505 604 2553 δ’
647 2505 699 2554 ἐν
733 2506 853 2568 αὐτῇ
886 2503 1194 2567 προῄσθοντο
1225 2502 1314 2565 μὲν
1347 2505 1437 2566 τὴν
1469 2506 1722 2566 εἰσβολήν,
1754 2504 1839 2552 καὶ
1870 2523 1944 2552 κα-

482 2582 784 2638 ταδείσαντες
822 2589 910 2630 τοῦ
949 2580 1037 2644 μὲν
1077 2585 1257 2643 εἴργειν
1295 2584 1410 2637 τοὺς
1446 2580 1712 2642 Ῥωμαίους
1757 2581 1948 2644 ἀπετρέ-

473 2674 649 2720 ποντο,
692 2660 1027 2722 συμφυγόντες
1066 2657 1112 2706 δ’
1149 2660 1217 2715 εἰς
1255 2659 1339 2714 τὰς
1378 2666 1499 2713 ναῦς
1532 2657 1744 2721 ἐξωτέρω
1782 2659 1950 2721 βέλους
