2352 3080
498 228 590 275 160
855 228 964 266 ΤΟΤ
991 228 1289 266 ΙΟΥΔΑΙΚΟΤ
1316 228 1587 266 ΠΟΛΕΜΟΥ

492 344 706 405 σώματος
743 344 1016 405 ἐγκατέταξε
1050 353 1150 399 τοῖς
1183 343 1386 405 ἐρέταις,
1430 346 1515 392 τὸν
1550 344 1862 392 ἀναπείσαντα
1890 340 1920 389 δ’

493 420 739 469 ἐκέλευσεν
773 421 1104 483 ἀναιρεθῆναι.
1169 424 1381 481 Μηλίοις
1415 419 1454 467 δ’
1490 422 1692 483 ἤρκεσεν
1720 421 1928 482 ἐπιτίμιον

493 505 575 559 τῆς
608 499 775 554 ἀνοίας
807 500 865 545 τὰ
898 498 1195 558 ἀναλώματα.

444 591 466 625 3
591 576 748 636 <111>
781 577 1073 637 παραλαβὼν
1100 572 1154 622 δὲ
1180 575 1268 635 τὴν
1295 574 1559 636 ἐθναρχίαν
1580 574 1842 638 Ἀρχέλαος,
1867 570 1929 621 καὶ

493 653 611 700 κατὰ
645 654 835 714 μνήμην
866 660 962 699 τῶν
989 651 1135 698 πάλαι
1164 652 1415 714 διαφορῶν
1443 652 1501 699 οὐ
1529 655 1682 713 μόνον
1702 652 1931 703 Ἰουδαίοις
1958 662 1972 692 ⁵

495 729 616 777 ἀλλὰ
663 728 743 776 καὶ
790 733 1069 790 Σαμαρεῦσι
1116 728 1412 790 χρησάμενος
1458 727 1620 790 ὠμῶς,
1665 731 1930 791 πρεσβευσα-

494 806 653 868 μένων
700 805 934 867 ἑκατέρων
976 804 1075 852 κατ’
1130 805 1280 852 αὐτοῦ
1322 806 1442 867 πρὸς
1482 808 1704 866 Καίσαρα
1744 808 1832 853 ἔτει
1867 809 1932 862 τῆς

496 883 643 945 ἀρχῆς
670 881 821 945 ἐνάτῳ
849 882 1172 942 φυγαδεύεται
1200 880 1287 942 μὲν
1313 881 1457 937 αὐτὸς
1485 884 1553 937 εἰς
1579 884 1791 930 Βίενναν
1814 884 1930 929 πόλιν

495 966 576 1020 τῆς
592 961 840 1018 Γαλατίας,
860 958 888 1019 ἡ
912 958 1052 1006 οὐσία
1074 958 1115 1005 δ’
1143 959 1294 1006 αὐτοῦ
1314 967 1415 1014 τοῖς
1430 961 1674 1019 Καίσαρος
1691 963 1932 1020 θησαυροῖς
2025 970 2029 994 2

498 1036 898 1095 ἐγκατατάττεται.
971 1035 1129 1095 <112>
1165 1035 1282 1098 πρὶν
1314 1039 1554 1097 κληθῆναι
1594 1035 1637 1082 δ’
1677 1036 1825 1083 αὐτὸν
1859 1031 1930 1081 ὑπὸ
1946 1042 1974 1073 1⁰

497 1119 583 1160 τοῦ
618 1115 879 1173 Καίσαρος,
913 1113 1030 1173 ὄναρ
1067 1112 1190 1159 ἰδεῖν
1224 1124 1345 1173 φασι
1378 1114 1579 1160 τοιόνδε.
1646 1113 1810 1170 ἔδοξεν
1837 1112 1931 1172 ὁρᾶν
2021 1119 2029 1146 ἕ

498 1191 673 1250 στάχυς
706 1188 867 1249 ἐννέα,
899 1190 1094 1249 πλήρεις
1125 1187 1206 1236 καὶ
1238 1189 1496 1250 μεγάλους,
1528 1189 1623 1236 ὑπὸ
1657 1192 1790 1250 βοῶν
1818 1201 1931 1257 aava·

498 1264 929 1327 βιβρωσκομένους.
972 1266 1395 1327 μεταπεμψάμενος
1428 1264 1481 1314 δὲ
1507 1268 1622 1321 τοὺς
1654 1265 1844 1327 μάντεις
1872 1258 1931 1311 καὶ

498 1350 594 1389 τῶν
641 1343 900 1389 Χαλδαίων
946 1342 1100 1402 τινάς,
1147 1341 1448 1390 ἐπυνθάνετο
1495 1344 1547 1389 τί
1581 1346 1831 1404 σημαίνειν
1872 1341 1931 1386 ‹50-
1992 1369 2026 1373 -‡

402 1461 405 1475 ,
496 1427 641 1465 κοῖεν.
707 1419 865 1479 <113>
905 1419 1067 1464 ἄλλων
1107 1416 1151 1465 δ’
1198 1419 1356 1475 ἄλλως
1395 1418 1751 1481 ἐξηγουμένων,
1789 1422 1932 1480 Σίμων

496 1513 569 1550 τις
596 1495 815 1550 Ἐσσαῖος
847 1495 901 1542 τὸ
935 1493 1073 1555 γένος
1108 1496 1197 1555 ἔφη
1226 1498 1339 1552 τοὺς
1373 1494 1459 1557 μὲν
1493 1497 1669 1557 στάχυς
1711 1494 1932 1544 ἐνιαυτοὺς

500 1574 732 1634 νομίζειν,
772 1575 886 1626 τοὺς
920 1569 974 1618 δὲ
1007 1573 1125 1630 βοῦς
1164 1573 1428 1633 μεταβολὰς
1466 1571 1759 1635 πραγμάτων
1792 1572 1865 1619 διὰ
1890 1566 1930 1613 τὸ
2001 1558 2026 1630 {2

500 1650 587 1709 τὴν
620 1650 782 1711 χώραν
822 1647 1145 1710 ἀροτριῶντας
1184 1647 1455 1709 ἀλλάττειν,
1496 1648 1616 1695 ὥστε
1656 1649 1933 1709 βασιλεύσειν

500 1725 588 1787 μὲν
621 1726 769 1774 αὐτὸν
802 1726 886 1772 τὸν
921 1732 1017 1771 τῶν
1051 1726 1272 1786 σταχύων
1299 1724 1526 1786 ἀριθμόν,
1561 1725 1613 1772 ἐν
1641 1728 1871 1790 ποικίλαις
1891 1716 1934 1767 δὲ
2008 1711 2030 1761 ⁵2

498 1802 789 1865 πραγμάτων
824 1803 1106 1863 μεταβολαῖς
1146 1804 1407 1863 γενόμενον
1446 1803 1760 1862 τελευτήσειν.
1822 1794 1929 1849 ταῦτ’
1957 1772 2030 1838 d

500 1880 708 1936 ἀκούσας
739 1878 991 1941 Ἀρχέλαος
1030 1879 1146 1939 μετὰ
1185 1877 1327 1926 πένθ’
1371 1878 1547 1941 ἡμέρας
1587 1878 1665 1925 ἐπὶ
1700 1880 1787 1939 τὴν
1820 1881 1935 1935 δίκην
2020 1873 2026 1915 ².

500 1959 778 2018 μετεκλήθη.

451 2046 475 2080 4
599 2035 758 2095 <114>
792 2034 930 2090 ἄξιον
963 2034 1017 2083 δὲ
1056 2035 1241 2097 μνήμης
1280 2033 1529 2095 ἡγησάμην
1561 2034 1643 2082 καὶ
1675 2036 1730 2082 τὸ
1764 2041 1844 2095 τῆς
1873 2048 1939 2093 yv-

501 2111 665 2165 ναικὸς
699 2110 849 2158 αὐτοῦ
886 2112 1145 2173 Γλαφύρας
1184 2113 1325 2173 ὄναρ,
1366 2112 1486 2173 ἥπερ
1525 2108 1586 2171 ἦν
1619 2112 1842 2173 θυγάτηρ
1872 2105 1943 2171 μὲν

494 2185 753 2247 Ἀρχελάου
781 2194 867 2234 τοῦ
888 2189 1225 2235 Καππαδόκων
1253 2186 1500 2249 βασιλέως,
1526 2188 1651 2249 γυνὴ
1679 2187 1723 2234 δ’
1753 2175 2030 2243 'Anah-9

504 2263 626 2324 δρου
659 2272 888 2324 γεγονυῖα
920 2266 974 2311 τὸ
1007 2273 1220 2326 πρῶτον,
1261 2264 1314 2320 ὃς
1352 2261 1412 2326 ἦν
1447 2263 1655 2325 ἀδελφὸς
1693 2263 1782 2326 μὲν
1808 2264 1951 2326 Ἀρχε·

505 2341 625 2387 λάου
659 2338 767 2402 περὶ
796 2336 855 2387 οὗ
883 2340 1116 2402 διεξῇμεν,
1149 2342 1254 2397 υίὸς
1282 2340 1326 2388 δ’
1351 2339 1574 2403 Ἡρώδου
1601 2349 1690 2389 τοῦ
1719 2340 1954 2402 βασιλέως,

503 2416 587 2478 ὑφ’
629 2414 688 2465 οὗ
721 2416 801 2464 καὶ
835 2417 1048 2480 ἀνῃρέθη
1081 2419 1299 2480 καθάπερ
1327 2416 1775 2480 προδεδηλώκαμεν,
1811 2417 1957 2479 <115>

503 2496 618 2555 μετὰ
666 2493 719 2542 δὲ
764 2496 849 2542 τὸν
896 2495 1083 2542 ἐκείνου
1135 2494 1352 2542 θάνατον
1406 2494 1685 2558 συνῴκησεν
1728 2494 1857 2559 Ἰόβᾳ
1900 2500 1960 2559 τῷ
1999 2525 2029 2563 ;-

505 2573 809 2631 βασιλεύοντι
845 2572 1053 2633 Λιβύης,
1093 2567 1153 2620 οὗ
1193 2572 1562 2632 τελευτήσαντος
1602 2572 1964 2621 ἐπανελθοῦσαν
1978 2566 2030 2644 ᾗ,

598 2663 625 2707 §⁵
643 2664 717 2699 111
750 2679 800 2693 ==
826 2660 920 2700 Ant.
949 2659 1035 2700 Iud.
1062 2659 1176 2700 XVII
1196 2663 1283 2699 344.
