2352 3080
474 236 570 283 390
851 237 960 275 ΤΟΤ
986 237 1282 275 ΙΟΤΔΔΙΚΟΤ
1307 237 1574 275 ΠΟΛΕΜΟΥ

476 354 685 413 ἔφευγον
718 355 787 409 εἰς
819 354 907 414 τὴν
939 356 1191 417 Κρεμῶνα.
1240 352 1320 400 καὶ
1348 356 1462 409 τοὺς
1490 354 1646 407 ίππεῖς
1678 352 1934 411 ἀναλαβὼν

477 434 665 493 Πρῖμος
702 430 1013 492 ὑποτέμνεται
1048 431 1133 485 τὰς
1171 431 1391 485 εἰσόδους
1423 430 1605 489 αὐτῶν,
1645 428 1725 475 καὶ
1759 430 1813 475 τὸ
1847 425 1936 489 μὲν

475 508 599 554 πολὺ
636 510 825 568 πλῆθος
854 508 1221 567 κυκλωσάμενος
1253 507 1346 567 πρὸ
1380 513 1463 567 τῆς
1495 508 1677 560 πόλεως
1708 506 1936 565 διαφθεί-

477 600 572 643 ρει,
618 589 683 646 τῷ
731 581 786 631 δὲ
831 587 984 646 λοιπῷ
1029 584 1361 639 συνεισπεσὼν
1406 583 1668 643 διαρπάσαι
1714 583 1767 628 τὸ
1815 583 1937 628 ἄστυ

476 668 577 715 τοῖς
609 661 922 722 στρατιώταις
954 659 1145 721 ἐφῆκεν.
1208 660 1365 719 <643>
1397 661 1519 706 ἔνθα
1552 660 1613 719 δὴ
1645 658 1816 706 πολλοὶ
1850 656 1939 719 μὲν
1978 674 1996 703 5

476 745 574 784 τῶν
619 736 769 793 ξένων
817 739 1018 799 ἔμποροι
1060 734 1232 784 πολλοὶ
1271 733 1326 783 δὲ
1363 744 1463 784 τῶν
1501 736 1771 798 ἐπιχωρίων
1810 735 1939 781 ἀπώ-

478 817 642 873 λοντο,
682 822 810 860 πᾶσα
842 811 883 859 δ’
924 812 955 873 ἡ
991 811 1250 861 ’διτελλίου
1290 814 1509 875 στρατιά,
1549 811 1779 875 μυριάδες
1812 820 1941 872 τρεῖς

478 889 672 951 ἀνδρῶν
710 888 791 936 καὶ
830 891 1083 937 διακόσιοι.
1146 897 1246 937 τῶν
1285 887 1332 936 δ’
1368 888 1461 937 άπὸ
1494 896 1578 950 τῆς
1609 892 1807 943 Μυσίας
1832 888 1939 935 Ἀν-

477 967 651 1021 τώνιος
695 970 1103 1028 τετρακισχιλίους
1147 965 1409 1027 ἀποβάλλει
1453 965 1534 1012 καὶ
1581 969 1941 1020 πεντακοσίους.

478 1043 635 1102 <644>
670 1043 821 1098 λύσας
853 1041 906 1090 δὲ
932 1045 1018 1091 τὸν
1043 1045 1285 1090 Καικίναν
1313 1042 1485 1104 πέμπει
1516 1043 1635 1105 πρὸς
1664 1041 1938 1090 ’δεσπασια-
1959 1058 1991 1085 ιο

479 1120 568 1167 νὸν
607 1118 904 1180 ἀγγελοῦντα
942 1120 1000 1167 τα
1039 1118 1359 1182 πεπραγμένα.
1417 1118 1498 1166 καὶ
1537 1118 1590 1174 ὃς
1633 1119 1795 1166 ἐλθὼν
1829 1118 1939 1166 ἀπε-

480 1196 630 1258 δέχθη
662 1196 711 1244 θ’
734 1195 835 1254 ,ὑπ’
872 1198 1023 1245 αὐτοῦ
1055 1195 1136 1244 καὶ
1161 1198 1221 1245 τὰ
1246 1204 1331 1258 τῆς
1355 1197 1618 1258 προδοσίας
1644 1196 1809 1256 ὀνείδη
1835 1205 1938 1250 ταῖς

479 1273 592 1335 παρ’
629 1274 799 1321 ἐλπίδα
829 1282 988 1334 τιμαῖς
1020 1273 1331 1330 ἐπεκάλυψεν.

427 1363 452 1397 4
575 1349 735 1412 (645)
767 1349 1028 1412 ἀνεθάρρει
1061 1349 1103 1397 δ’
1142 1351 1236 1411 ἤδη
1262 1349 1343 1398 καὶ
1368 1352 1487 1398 κατὰ
1511 1351 1600 1411 τὴν
1625 1349 1814 1411 Ῥώμην
1840 1354 1938 1396 Σα-

480 1430 638 1489 βῖνος,
685 1427 748 1482 ὡς
792 1429 997 1488 πλησίον
1039 1425 1294 1483 Ἀντώνιος
1331 1426 1405 1475 ὢν
1447 1425 1767 1488 ἀπηγγέλλπο
1781 1440 1792 1451 ·
1859 1425 1938 1474 καὶ
1960 1441 1990 1471 15

480 1507 810 1567 συναθροίσας
848 1505 905 1550 τὰ
944 1511 1042 1551 τῶν
1073 1504 1457 1565 νυκτοφυλάκων
1490 1511 1795 1567 στρατιωτῶν
1829 1504 1939 1563 τάγ-

479 1598 603 1642 ματα
647 1581 837 1642 νύκτωρ
889 1581 1241 1642 καταλαμβάνει
1291 1582 1346 1628 τὸ
1391 1581 1715 1628 Καπετώλιον.
1781 1580 1940 1640 (646)

481 1656 589 1719 μεθ’
627 1656 810 1719 ἡμέραν
843 1656 889 1704 δ’
926 1657 1056 1721 αὐτῷ
1094 1656 1267 1706 πολλοὶ
1305 1666 1404 1705 τῶν
1436 1657 1681 1718 ἐπισήμων
1713 1655 1941 1717 προσεγέ-

481 1751 641 1795 νοντο,
673 1732 754 1781 καὶ
773 1734 1072 1796 Δομετιανὸς
1099 1734 1125 1781 ὁ
1151 1734 1393 1795 τάδελφοῦ
1420 1743 1546 1794 παῖς,
1571 1736 1767 1795 μεγίστη
1796 1742 1941 1794 μοῖρα

482 1818 579 1857 τῶν
612 1813 681 1867 εἰς
705 1812 761 1859 τὸ
785 1819 978 1872 κρατεῖν
1004 1809 1226 1859 ἐλπίδων.
1277 1811 1435 1872 (647)
1466 1810 1702 1873 ’διτελλίφ
1735 1807 1792 1856 δὲ
1817 1812 1941 1870 Πρί-
1959 1824 1994 1852 20

482 1904 577 1947 μου
616 1884 704 1948 μὲν
744 1887 952 1936 ἐλάττων
991 1886 1194 1949 φροντὶς
1225 1883 1309 1948 ἦν,
1347 1889 1599 1955 τεθύμωτο
1633 1886 1674 1934 δ’
1716 1885 1795 1934 ἐπὶ
1827 1889 1942 1941 τοὺς

482 1963 875 2020 συναποστάντας
906 1971 973 2028 τῷ
999 1966 1216 2028 Σαβίνφ,
1248 1962 1328 2010 καὶ
1354 1964 1437 2011 διὰ
1463 1964 1552 2024 τὴν
1578 1966 1792 2025 ἔμφυτον
1819 1962 1943 2025 ὠμό-

483 2057 597 2099 τητα
637 2040 795 2095 διψῶν
838 2042 1035 2103 αἵματος
1073 2040 1303 2101 εὐγενοῦς
1339 2047 1429 2087 τοῦ
1469 2047 1813 2101 στρατιωτικοῦ
1854 2040 1942 2100 τὴν

484 2120 909 2176 συγκατελθοῦσαν
949 2118 1078 2181 αὐτῷ
1111 2117 1321 2178 δύναμιν
1352 2115 1582 2176 ἐπαφίησι
1615 2122 1681 2179 τῷ
1715 2118 1941 2163 Καπετω-

483 2195 585 2256 λίφ.
655 2192 811 2252 <648>
859 2194 1012 2240 πολλὰ
1057 2190 1147 2254 μὲν
1191 2190 1283 2241 οὖν
1329 2194 1381 2240 ἔκ
1421 2209 1473 2240 τε
1510 2193 1686 2253 ταύτης
1724 2193 1803 2240 καὶ
1843 2202 1942 2241 τῶν
1961 2209 1998 2237 25

485 2270 577 2317 ἀπὸ
604 2274 693 2316 τοῦ
722 2269 853 2331 ἱεροῦ
880 2268 1163 2330 μαχομένων
1189 2270 1447 2331 ἐτολμήθη·
1484 2268 1618 2325 τέλος
1651 2267 1706 2317 δὲ
1732 2276 1798 2333 τῷ
1825 2272 1942 2329 πλή-

483 2351 565 2394 θει
604 2347 850 2407 περιόντες
892 2346 944 2393 oc
982 2345 1074 2393 ἀπὸ
1117 2352 1201 2407 τῆς
1241 2349 1507 2409 Γερμανίας
1549 2345 1815 2409 ἐκράτησαν
1855 2354 1943 2394 τοῦ

485 2426 654 2484 λόφου.
717 2422 874 2483 <649>
913 2421 993 2469 καὶ
1026 2423 1325 2483 Δομετιανὸς
1365 2419 1454 2483 μὲν
1488 2424 1581 2469 σὺν
1614 2427 1813 2479 πολλοῖς
1845 2433 1943 2471 τῶν

485 2499 538 2547 ἐν
577 2498 701 2547 τέλει
742 2499 986 2562 Ῥωμαίων
1029 2498 1404 2560 δαιμονιώτερον
1443 2501 1742 2557 διασώζεται·
1801 2502 1855 2548 τὸ
1890 2499 1942 2547 δὲ

486 2578 656 2624 λοιπὸν
688 2580 875 2638 πλῆθος
907 2577 1035 2625 ἅπαν
1066 2578 1324 2636 κατεκόπη,
1355 2575 1437 2624 καὶ
1463 2579 1679 2638 Σαβῖνος
1713 2577 1943 2638 ἀναχθεὶς
1960 2593 1994 2620 so

459 2650 545 2698 ἐπὶ
586 2651 852 2706 ’ὅιτέλλιον
891 2653 1191 2720 ἀναιρεῖται,
1233 2652 1576 2715 διαρπάσαντές
1612 2652 1668 2700 θ’
1693 2655 1765 2702 -οί
1804 2667 1940 2713 στρα-
