2352 3080
430 600 453 634 2

484 239 574 285 176
847 240 954 277 ΤΟΤ
981 239 1277 276 IOTAAIKOT
1304 238 1573 276 ΠΟΛΕΜΟΥ

482 357 742 416 στήσεσθαι
789 357 881 418 γὰρ
923 354 983 402 δι’
1035 355 1421 417 ἀριστοκρατίας,
1468 354 1626 417 ὥσπερ
1670 351 1761 401 οὗν
1800 354 1924 400 πάλαι

482 434 721 495 διῳκεῖτο,
754 434 841 493 τὴν
876 432 1049 495 ἀρχήν,
1090 431 1120 491 ’ἢ
1164 440 1348 493 κρινεῖν
1387 433 1535 494 ψήφῳ
1576 432 1661 478 τὸν
1696 430 1829 487 ἄξιον
1861 437 1927 490 τῆς

482 509 749 571 ἡγεμονίας.

578 588 735 648 (206)
770 585 948 646 συνέβη
984 584 1037 633 δὲ
1070 592 1330 645 τηνικαῦτα
1361 586 1480 648 πρὸς
1508 585 1834 646 ἐπιδημοῦντα
1861 585 1930 631 τὸν

478 663 742 725 Ἀγρίππαν
775 665 863 723 τήν
897 680 946 710 τε
981 664 1249 723 σύγκλητον
1275 666 1519 709 καλοῦσαν
1550 664 1618 717 εἰς
1645 664 1932 724 συμβουλίαν
1961 672 1981 701 ⁵

480 741 660 801 πέμψαι
700 739 778 787 καὶ
820 740 1070 786 Κλαύδιον
1112 739 1163 786 ἐκ
1196 746 1279 799 τῆς
1311 741 1634 801 παρεμβολῆς,
1669 738 1799 793 ὅπως
1831 738 1935 798 πρὸς

483 818 511 864 ἃ
560 817 659 864 δέοι
707 818 937 879 χρήσιμος
983 816 1146 871 αὐτοῖς
1193 815 1397 876 γε’νοιτο.
1465 815 1687 870 κάκεῖνος
1733 816 1935 862 συνιδὼν

482 895 566 940 τὸν
599 894 691 953 ἤδη
727 900 782 955 τῇ
818 892 1018 954 δυνάμει
1054 895 1275 955 Καίσαρα
1309 894 1428 955 πρὸς
1454 893 1708 940 Κλαύδιον
1742 893 1938 939 ἄπεισιν.

483 971 641 1030 <207>
690 970 714 1017 ὃ
757 968 801 1016 δ’
852 970 1000 1017 αὐτὸν
1046 971 1345 1031 πρεσβευτὴν
1391 970 1511 1031 πρὸς
1548 970 1638 1028 τὴν
1679 969 1938 1028 σύγκλητον

483 1047 768 1108 ἀναπέμπει,
804 1048 1044 1107 δηλοῦντα
1077 1048 1165 1106 τὴν
1199 1047 1348 1093 αὐτοῦ
1381 1048 1679 1107 προαίρεσιν,
1714 1045 1790 1092 ὅτι
1823 1053 1941 1107 πρῶ-
1958 1059 1990 1088 ιο

482 1142 568 1171 τον
595 1122 683 1186 μὲν
711 1126 841 1171 ἄκων
867 1123 961 1171 ὑπὸ
989 1131 1087 1171 τῶν
1114 1131 1419 1184 στρατιωτῶν
1446 1123 1695 1184 ἁρπαγείη,
1728 1121 1811 1170 καὶ
1839 1123 1941 1169 οὔτε

481 1202 569 1262 τὴν
591 1201 787 1249 ἐκείνων
809 1201 1028 1260 σπουδὴν
1050 1199 1380 1259 ἐγκαταλιπεῖν
1402 1201 1590 1246 δίκαιον
1612 1198 1717 1246 οὔτ’
1735 1197 1943 1261 ἀσφαλὲς

481 1279 569 1338 τὴν
610 1279 760 1325 αὐτοῦ
801 1278 950 1337 τύχην
988 1279 1172 1338 κρίνοι·
1225 1276 1304 1324 καὶ
1338 1277 1429 1340 γὰρ
1462 1275 1543 1323 καὶ
1579 1276 1633 1323 τὸ
1667 1285 1834 1337 τυχεῖν
1867 1283 1944 1337 τῆς

482 1354 766 1415 ἡγεμονικῆς
799 1354 1008 1412 κλήσεως
1043 1353 1354 1401 ἐπικίνδυνον
1389 1350 1533 1400 εἶναι·
1596 1354 1757 1413 (208)
1791 1352 1935 1401 ἔπειθ’

484 1430 554 1476 ὅτι
604 1431 839 1490 διοικήσοι
887 1430 975 1490 τὴν
1022 1429 1173 1493 ἀρχὴν
1220 1429 1379 1492 ὥσπερ
1433 1430 1618 1490 ἀγαθὸς
1664 1430 1944 1493 προστάτης,
1960 1439 2001 1472 15

484 1506 570 1566 οὐχ
605 1505 668 1560 ὡς
701 1507 959 1568 τύραννος·
1005 1507 1259 1568 ἀρκεῖσθαι
1294 1507 1384 1567 γὰρ
1418 1514 1475 1568 τῇ
1509 1514 1620 1568 τιμῇ
1655 1514 1738 1567 τῆς
1772 1519 1944 1570 προση-

485 1585 672 1644 γορίας,
718 1583 806 1642 τὴν
848 1582 893 1629 δ’
938 1583 1015 1644 ἐφ’
1061 1582 1239 1646 ἑκάστῳ
1286 1591 1383 1631 τῶν
1425 1582 1717 1645 πραγμάτων
1765 1584 1945 1643 βουλὴν

483 1669 630 1706 πᾶσιν
670 1658 961 1707 ἀποδώσειν·
1014 1658 1094 1707 καὶ
1134 1661 1225 1721 γὰρ
1268 1662 1312 1706 εί
1349 1661 1413 1721 μὴ
1453 1659 1599 1720 φύσει
1639 1659 1833 1723 μέτριος
1876 1657 1948 1720 ἦν,

486 1737 651 1784 ἰκανὸν
690 1736 957 1797 ὑπόδειγμα
997 1737 1317 1799 σωφροσύνης
1357 1736 1483 1799 αὐτῷ
1528 1742 1817 1797 προκεῖσθαι
1866 1739 1946 1785 τὸν

486 1815 634 1860 Γαΐου
667 1812 896 1860 θάνατον.
1616 1868 1620 1873 ·
1961 1826 2001 1856 ι·

580 1889 737 1950 <209>
783 1888 916 1937 ταῦτ’
966 1889 1253 1950 ἀπήγγειλεν
1291 1889 1565 1951 Ἀγρίππας.
1629 1889 1659 1950 ἡ
1691 1888 1756 1937 δὲ
1798 1891 1947 1950 βουλὴ

485 1966 769 2027 ἀπεκρίνατο
804 1965 883 2013 καὶ
924 1973 1108 2030 στρατῷ
1148 1966 1226 2014 καὶ
1275 1967 1485 2028 γνώμαις
1532 1965 1741 2026 ἀγαθαῖς
1787 1983 1948 2015 πεποι-

484 2047 605 2089 θυῖα
640 2043 867 2091 δουλείαν
902 2042 1125 2092 ἑκούσιον
1159 2045 1246 2105 οὐχ
1272 2043 1545 2105 ὑπομενεῖν.
1597 2042 1675 2091 καὶ
1703 2045 1950 2100 Κλαύδιος

487 2120 551 2173 ὡς
596 2120 772 2178 ἤκουσε
820 2121 876 2166 τὰ
924 2121 1051 2182 παρὰ
1091 2127 1174 2180 τῆς
1216 2123 1415 2181 βουλῆς,
1462 2120 1608 2168 πάλιν
1649 2123 1826 2182 ἔπεμψε
1867 2123 1950 2169 τὸν

479 2193 745 2255 ’Λγρίππαν
773 2196 1114 2258 ἀπαγγελοῦντ’
1145 2198 1307 2254 αὐτοῖς
1334 2198 1406 2245 ὅτι
1426 2198 1695 2259 προδοῦναι
1719 2196 1811 2259 μὲν
1837 2201 1951 2254 τοὺς
1966 2211 2000 2242 fl

486 2273 553 2326 είς
589 2271 736 2320 αὐτὸν
770 2272 1034 2335 ὀμόσαντας
1061 2274 1148 2335 οὐχ
1174 2274 1418 2336 ὑπομένει,
1450 2276 1707 2336 πολεμήσει
1737 2274 1782 2322 δ’
1819 2276 1951 2324 ἄκων

485 2350 603 2412 πρὸς
645 2349 730 2404 οὓς
770 2351 937 2408 ἥκιστα
977 2351 1220 2410 βούλοιτο·
1274 2352 1431 2412 <210>
1475 2352 1579 2399 δεῖν
1625 2351 1792 2412 μέντοι
1836 2370 1952 2414 προ,

485 2429 831 2488 αποδειχθῆναι
865 2434 930 2490 τῷ
965 2427 1154 2490 πολέμῳ
1189 2432 1366 2490 χωρίον
1401 2429 1486 2485 ἔξω
1521 2435 1605 2489 τῆς
1638 2432 1845 2485 πόλεως·
1895 2430 1952 2477 οὐ

486 2506 576 2566 γὰρ
612 2505 747 2552 ὅσιον
781 2504 862 2550 διὰ
895 2505 982 2565 τὴν
1014 2505 1172 2552 αὐτῶν
1199 2508 1521 2566 κακοβουλίαν
1550 2505 1785 2570 ὁμοφύλῳ
1815 2510 1953 2570 φόνῳ

589 2621 610 2664 5
630 2621 704 2656 206
728 2637 775 2650 =
795 2616 888 2657 Ant.
917 2617 1003 2656 Iud.
1032 2616 1124 2656 XIX
1145 2621 1218 2657 236
1234 2632 1292 2668 sq.
1400 2622 1421 2666 ς
1443 2622 1517 2657 207
1547 2639 1595 2651 =
1623 2619 1717 2659 Ant.
1749 2619 1838 2660 Iud.
1862 2619 1955 2659 xlx

484 2671 567 2707 246.
625 2672 646 2716 ς
667 2672 742 2707 209
765 2688 813 2701 =
834 2668 927 2708 Ant.
950 2669 1034 2708 Iud.
1056 2669 1149 2709 XIX
1171 2674 1256 2711 242.

573 2875 600 2891 A
