2352 3080
482 253 574 298 170
851 254 959 290 ΤοΤ
987 254 1281 291 ΙοΤΔΑῙΚοΤ
1307 243 1577 292 ΠοἈΕΜοΤ

479 374 605 431 λυμα
638 372 986 431 παρεισκομίζει
1022 371 1104 425 τὰς
1137 372 1380 429 Καίσαρος
1413 366 1623 431 εἰκόνας,
1664 373 1717 418 αἳ
1746 378 1903 431 σημαῖαι

479 451 752 495 καλοῦνται.
818 447 974 506 <170>
1022 453 1164 493 τοῦτο
1211 445 1318 507 μεθ’
1369 446 1552 508 ἡμέραν
1589 451 1808 508 μεγίστην
1846 462 1904 492 τοι·

482 525 631 586 ραχὴν
664 525 856 586 ἤγειρεν
882 522 1156 579 Ἰουδαίοις·
1214 524 1265 570 οἳ
1300 541 1350 570 τε
1394 525 1485 585 γὰρ
1526 523 1670 584 ἐγγὺς
1703 526 1814 586 πρὸς
1840 523 1903 581 τὴν

480 603 595 657 ὄψιν
628 599 950 661 ἐξεπλάγησαν
985 600 1049 656 ὡς
1081 599 1424 662 πεπατημένων
1457 601 1622 657 αὐτοῖς
1654 611 1751 649 τῶν
1776 604 1903 662 νόμων

480 676 647 742 (οὐδὲν
680 679 771 739 γὰρ
807 677 1027 734 ἀξιοῦσιν
1061 676 1114 725 ἐν
1147 684 1203 739 τῇ
1243 679 1377 724 πόλει
1420 679 1644 737 δείκηλον
1677 674 1903 738 τίθεσθαι),

479 754 558 803 καὶ
586 755 705 818 πρὸς
731 754 819 814 τὴν
852 753 1176 815 ἀγανάκτησιν
1202 762 1299 801 τῶν
1324 755 1444 802 κατὰ
1471 755 1559 815 τὴν
1586 758 1730 803 πόλιν
1755 757 1904 816 ἄθρους

481 832 506 878 ὀ
543 831 592 879 ἐκ
624 838 707 892 τῆς
739 832 897 893 χώρας
931 831 1044 886 λαὸς
1079 830 1411 893 συνέρρευσεν.
1457 832 1617 892 <171>
1651 832 1903 895 ὁρμήσαντες

480 906 532 956 δὲ
577 909 694 970 πρὸς
739 908 823 955 τὸν
871 911 1087 954 Πιλᾶτον
1133 909 1200 962 είς
1246 908 1542 970 Καισάρειαν
1591 907 1802 955 ἱκέτευον
1838 905 1903 962 ἐξε-

478 993 667 1045 νεγκεῖν
695 983 742 1041 ἐξ
763 984 1110 1047 Ἱεροσολύμων
1137 985 1221 1040 τὰς
1248 988 1452 1046 σημαίας
1477 984 1556 1033 καὶ
1587 994 1752 1049 τηρεῖν
1778 985 1904 1036 αὐτοῖς

479 1063 535 1110 τὰ
569 1048 782 1124 πάτρια.ι
810 1061 1029 1110 Πιλάτου
1056 1061 1099 1108 δ’
1139 1061 1443 1124 ἀρνουμένου
1477 1061 1587 1124 περὶ
1621 1063 1711 1123 τὴν
1746 1063 1904 1117 ἱκεσίαν,

480 1148 676 1202 πρηνεῖς
714 1141 1057 1194 καταπεσόντες
1102 1137 1178 1186 ἐπὶ
1225 1137 1369 1186 πένθ’
1417 1138 1595 1202 ἡμέρας
1641 1139 1721 1187 καὶ
1765 1141 1904 1189 νύκτας

482 1220 586 1273 ἴσας
620 1216 834 1277 ἀκίνητοι
869 1214 1223 1277 διεκαρτέρουν.
1288 1216 1446 1276 <172>
1477 1223 1534 1278 τῇ
1570 1215 1615 1262 δ’
1654 1215 1758 1277 ἑξῆς
1788 1216 1811 1264 ὁ
1841 1218 1905 1261 Πι-

480 1296 621 1348 λᾶτος
652 1295 857 1347 καθίσας
892 1290 968 1338 ἐπὶ
1002 1298 1088 1338 τοῦ
1123 1294 1332 1353 βήματος
1359 1292 1411 1339 ἐν
1438 1298 1503 1356 τῷ
1530 1292 1721 1357 μεγάλῳ
1749 1293 1906 1352 σταδίῳ,

479 1368 556 1417 καὶ
616 1368 1059 1431 προσκαλεσάμενος
1111 1370 1164 1416 τὸ
1223 1372 1412 1429 πλῆθος
1464 1370 1527 1425 ὡς
1584 1369 1907 1432 ἀποκρίνασθαι

480 1446 632 1505 δῆθεν
666 1445 829 1500 αὐτοῖς
861 1443 1039 1506 θέλων,
1073 1446 1244 1492 δίδωσι
1280 1454 1379 1501 τοῖς
1406 1448 1719 1508 στρατιώταις
1745 1453 1909 1508 σημεῖον

482 1521 532 1569 ἐκ
587 1521 916 1582 συντάγματος
966 1523 1309 1570 κυκλώσασθαι
1362 1524 1475 1578 τοὺς
1524 1521 1789 1579 Ἰουδαίους
1835 1529 1912 1574 τοῖς

482 1598 658 1654 ὅπλοις.
709 1598 866 1658 <173>
894 1599 1181 1659 περιστάσης
1208 1596 1262 1646 δὲ
1287 1598 1545 1662 τριστοιχεὶ
1572 1608 1656 1662 τῆς
1683 1601 1912 1662 φάλαγγος,

481 1676 533 1722 οἱ
552 1674 782 1722 Ἰουδαῖοι
822 1672 908 1736 μὲν
948 1675 1138 1737 ἀχανεῖς
1176 1673 1300 1736 ἦσαν
1339 1678 1459 1739 πρὸς
1496 1678 1549 1724 τὸ
1591 1678 1824 1739 ἀδόκητον
1851 1683 1912 1734 τῆς

480 1754 655 1814 ὄψεως,
702 1756 914 1808 Πιλᾶτος
959 1751 1012 1799 δὲ
1056 1755 1345 1810 κατακόψειν
1385 1752 1533 1801 εἰπὼν
1572 1755 1750 1810 αὐτοὺς
1793 1757 1834 1802 εἰ
1869 1753 1912 1814 μθ,

479 1828 822 1892 προσδέξαιντο
856 1830 940 1885 τὰς
973 1831 1216 1892 Καίσαρος
1243 1832 1446 1892 εἰκόνας,
1482 1838 1702 1893 γυμνοῦν
1736 1833 1793 1880 τὰ
1826 1832 1911 1890 ξίφτ

478 1916 579 1963 τοῖς
620 1905 930 1969 στρατιώταις
970 1909 1146 1955 ἔνευεν.
1213 1907 1372 1968 <174>
1411 1908 1463 1955 οἱ
1505 1905 1558 1955 δὲ
1591 1907 1820 1957 Ἰουδαῖοι
1856 1925 1911 1954 κα-

481 1983 643 2046 θάπερ
678 1983 728 2032 ἐκ
768 1985 1076 2046 συνθήματος
1116 1983 1292 2046 ἀθρόοι
1329 1987 1673 2041 καταπεσόντες
1711 1984 1791 2033 καὶ
1827 1987 1912 2037 τοὺι

479 2059 682 2121 αὐχένας
727 2063 1104 2123 παρακλίναντες
1150 2059 1369 2122 ἑτοίμους
1414 2063 1482 2116 εἰς
1521 2060 1772 2123 ἀναίρεσιν
1816 2071 1908 2123 σφᾶ

485 2134 634 2186 Ὄόων
659 2140 844 2198 μᾶλλον
869 2135 899 2197 ἢ
926 2137 1012 2184 τὸν
1038 2139 1189 2198 νόμον
1218 2139 1504 2199 παραβῆναι.
1561 2138 1910 2201 ὑπερθαυμάσα

576 2211 595 2262 5
635 2215 848 2268 Πιλᾶτος
887 2214 940 2260 τὸ
986 2220 1068 2274 τῆς
1116 2215 1492 2276 δεισιδαιμονίας
1535 2216 1764 2277 ἄκρατον,
1812 2216 1912 2264 έκκο

582 2306 615 2338 ιι
653 2286 743 2351 μὲν
782 2289 952 2336 αὐτίκα
991 2291 1075 2345 τὰς
1114 2294 1316 2352 σημαίας
1347 2290 1698 2353 Ἱεροσολύμων
1743 2294 1912 2340 κελεύε.

565 2364 639 2430 ὁ)
670 2367 787 2429 μετὰ
814 2363 868 2413 δὲ
893 2372 1043 2413 ταῦτα
1069 2369 1281 2430 ταραχὴν
1308 2366 1474 2430 ἑτέραν
1501 2368 1661 2430 ἐκίνει,
1695 2371 1782 2417 τὸν
1815 2372 1911 2431 ίερὸ

599 2445 731 2509 ευρόν
764 2441 996 2507 (καλεῖται
1030 2442 1085 2490 δὲ
1116 2444 1377 2508 κορβανᾶς)
1411 2447 1478 2501 εἰς
1510 2447 1795 2507 καταγωγὴν
1828 2447 1912 2494 ὑδι

755 2523 956 2570 ελίσκων,
1020 2528 1192 2582 κατῆγε
1240 2520 1284 2568 δ’
1338 2521 1430 2570 ἀπὸ
1470 2526 1794 2584 τετρακοσίων
1835 2537 1911 2572 oro

833 2604 978 2648 τοῦτο
1016 2604 1103 2646 τοῦ
1143 2601 1363 2660 πλήθους
1400 2599 1719 2661 ἀγανάκτησις
1754 2597 1831 2661 ἦν,
1864 2620 1911 2649 κε

813 2684 899 2727 11115.
925 2685 1012 2726 Iud.
1041 2686 1172 2726 XVIII
1192 2690 1253 2726 58.
