2352 3080
430 1154 491 1200 10

463 2548 485 2581 2

500 269 557 315 17
562 269 592 314 2
870 268 979 305 ΤΟΤ
1005 266 1301 305 IOTAAIKOT
1327 266 1596 304 ΠΟΛΕΜΟΤ

499 387 740 448 διήγειρεν
774 385 1044 445 ἐπιθυμίας.
1112 383 1267 442 <182>
1303 382 1441 442 ἐνῆγε
1476 380 1530 430 δὲ
1557 382 1759 444 μάλιστα
1785 399 1825 428 το

500 465 568 518 είς
595 462 762 510 ἐλπίδα
796 464 1038 521 βασιλείας
1059 460 1299 520 “Ηρωδιὰς
1325 459 1354 519 ἡ
1392 461 1539 520 γυνή,
1573 461 1825 515 κατονειδίζ

500 541 587 600 τὴν
621 538 809 600 ἀργίαν,
845 537 924 584 καὶ
959 536 1146 598 φαμένη
1179 538 1307 598 παρὰ
1339 537 1394 583 τὸ
1428 538 1491 597 μκὴ
1527 538 1790 597 βούλεσθαι
1820 557 1825 582 :

501 615 577 663 ἐπὶ
612 619 833 677 Καίσαρα
865 617 1200 676 στερίσκεσθαι
1233 616 1448 675 μείζονος
1489 613 1662 675 ἀρχῆς·
1716 614 1825 660 ὅπου

497 692 760 755 Ἀγρίππαν
793 690 839 747 ἐξ
875 691 1071 737 ἰδιώτου
1106 690 1302 751 βασιλέα
1335 692 1607 751 πεποίηκεν,
1642 687 1672 750 ἦ
1705 692 1825 748 πούς

503 769 688 817 ἐκεῖνον
727 767 1088 827 διαναστήσειεν
1136 766 1186 814 ἐκ
1232 765 1504 829 τετράρχου.
1571 767 1732 828 (183)
1777 784 1825 813 το

503 843 813 900 ἀναπεισθεὶς
827 843 1045 906 εΗρώδης
1065 840 1288 906 ἧκεῖπρὸς
1311 844 1480 905 Γάιον,
1512 842 1603 905 ὑφ’
1635 840 1695 891 οὗ
1728 851 1808 904 τῆς

503 920 660 978 νεξίας
693 920 959 982 ἐπιτιμᾶται
987 927 1120 983 φυγῇ
1152 922 1219 976 εἰς
1245 919 1508 968 Ἱσπανίαν·
1543 920 1825 980 ἠκολούθησι

416 993 426 1006 “
504 998 633 1062 αὐτῷ
666 1000 927 1061 κατήγορος
950 997 1227 1060 Ἀγρίππας,
1261 991 1299 1060 ᾦ
1332 995 1411 1044 καὶ
1446 998 1533 1057 τὴν
1566 1001 1825 1060 τετραρχίαπ

505 1075 693 1123 ἐκείνου
726 1074 998 1138 προσέθηκε
1034 1073 1190 1129 Γάιος.

601 1153 759 1213 (184)
792 1150 871 1199 καὶ
899 1152 1119 1213 Ἡρώδης
1150 1148 1239 1212 μὲν
1273 1150 1326 1198 ἐν
1351 1150 1582 1214 Ἱσπανίᾳ,
1620 1164 1825 1212 συμφυγ·

505 1229 634 1293 αὐτῷ
680 1228 760 1276 καὶ
807 1236 890 1290 τῆς
936 1230 1184 1289 γυναικός,
1230 1232 1443 1291 τελευτᾷ·
1492 1228 1638 1283 Γάιος
1685 1227 1737 1275 δὲ
1784 1231 1825 1275 Κ

505 1304 582 1352 ἐπὶ
615 1312 849 1353 τοσοῦτον
885 1303 1134 1365 ἐξύβρισεν
1167 1307 1235 1360 εἰς
1268 1306 1356 1365 τὴν
1388 1306 1538 1366 τύχην
1572 1305 1692 1352 ὥστε
1729 1307 1825 1352 θεὸπ

505 1382 653 1430 αὑτὸν
692 1381 771 1429 καὶ
816 1383 979 1428 δοκεῖν
1024 1383 1291 1441 βούλεσθαι
1337 1380 1416 1429 καὶ
1462 1385 1739 1442 καλεῖσθαι,
1785 1400 1825 1429 τι

506 1459 859 1518 εὐγενεστάτων
891 1457 1086 1520 ἀνδρῶν
1112 1458 1434 1520 ἀκροτομῆσαι
1460 1459 1549 1519 τὴν
1575 1461 1797 1519 πατρίδα,

507 1551 589 1581 ναι
618 1532 671 1582 δὲ
696 1537 785 1596 τὴν
812 1534 1036 1597 ἀσέβειαν
1061 1534 1141 1583 καὶ
1169 1535 1246 1583 ἐπὶ
1267 1536 1548 1591 Ἰουδαίους.
1592 1536 1752 1598 (185)
1781 1540 1825 1583 Π

508 1628 618 1659 νιον
651 1609 739 1672 μὲν
773 1609 864 1659 οὖν
890 1614 1006 1674 μετὰ
1033 1622 1258 1675 στρατιᾶς
1285 1611 1362 1659 ἐπὶ
1390 1611 1740 1675 Ἱεροσολύμων
1768 1616 1822 1660 ἔπ

509 1688 924 1750 ἐγκαθιδρύσοντα
950 1696 1014 1754 τῷ
1043 1696 1140 1753 ναᾷ
1170 1692 1283 1745 τοὺς
1310 1689 1601 1750 ἀνδριάντας
1628 1691 1796 1752 αὐτοῦ,
1823 1713 1825 1734 1

509 1764 670 1827 τάξας,
717 1769 763 1814 εἰ
800 1767 863 1828 μὴ
904 1765 1121 1828 δέχοιντο
1159 1765 1405 1827 Ἰουδαῖοι,
1450 1767 1563 1822 τούς
1605 1783 1657 1813 τε
1697 1767 1825 1814 κωλύ

510 1843 699 1892 ἀνελεῖν
732 1843 812 1891 καὶ
845 1853 942 1892 πᾶν
975 1845 1028 1892 τὸ
1061 1844 1234 1891 λοιπὸν
1274 1845 1422 1898 ε”θνος
1461 1842 1825 1906 ἐξανδραποδίσι

511 1920 669 1981 <186>
703 1925 805 1984 θεῷ
839 1920 884 1967 δ’
917 1922 1011 1982 ἄρα
1038 1929 1135 1968 τῶν
1162 1920 1540 1982 προσταγμάτων
1575 1922 1722 1981 ἔμελε.
1770 1938 1825 1968 κα

510 1995 714 2057 τρώνιος
760 1995 848 2059 μὲν
895 2000 987 2045 σὺν
1033 1996 1162 2059 τρισὶ
1202 1997 1408 2058 τάγμασι
1447 1995 1527 2044 καὶ
1567 2001 1766 2053 πολλοῖς
1805 1997 1825 2044 ἐ

511 2076 699 2134 Συρίας
738 2073 1003 2135 συμμάχοις
1044 2076 1112 2129 εἰς
1151 2075 1238 2134 τὴν
1274 2072 1514 2121 Ἰουδαίαν
1553 2074 1766 2133 ἤλαυνεν
1807 2074 1825 2121 ε’

508 2147 814 2211 Ἀντιοχείας,
854 2151 1012 2210 <187>
1046 2149 1299 2199 Ἰουδαίων
1339 2149 1379 2197 δ’
1428 2152 1481 2198 οἳ
1510 2148 1598 2212 μὲν
1638 2151 1825 2210 ἠπίστοτ

512 2234 615 2281 ταῖς
661 2233 748 2273 τοῦ
795 2225 1006 2287 πολέμου
1054 2229 1259 2289 φήμαις,
1307 2230 1359 2275 οἳ
1401 2224 1455 2274 δὲ
1501 2229 1810 2283 πιστεύοντες

513 2302 566 2350 ἐν
607 2302 831 2365 ἀμηχάνῳ
875 2303 994 2365 πρὸς
1033 2304 1120 2363 τὴν
1160 2305 1364 2365 ἄμυναν.
1430 2307 1546 2365 ταχὺ
1597 2304 1637 2352 δ’
1687 2305 1825 2365 ἐχώρε

513 2380 707 2428 πάντων
747 2381 800 2426 τὸ
841 2378 969 2441 δέος,
1015 2380 1107 2441 ἤδη
1147 2383 1392 2443 παρούσης
1431 2383 1498 2436 εἰς
1537 2382 1626 2441 τὴν
1672 2385 1825 2428 Πτολε

513 2464 596 2518 τῆς
629 2466 864 2519 στρατιᾶς.

612 2536 770 2595 <188>
794 2536 944 2589 Πόλις
971 2533 1013 2581 δ’
1051 2533 1182 2583 ἐστὶν
1208 2535 1328 2596 αὕτη
1357 2542 1439 2596 τῆς
1464 2538 1720 2590 Γαλιλαίας
1748 2551 1825 2590 παρ

618 2652 640 2695 ς
657 2652 730 2687 182
744 2667 793 2681 ==
808 2650 901 2687 Ant.
922 2647 1009 2687 Iud.
1032 2647 1163 2687 XVIII
1182 2653 1269 2687 241.
1324 2653 1346 2696 ς
1369 2653 1441 2688 183
1457 2668 1506 2682 =
1520 2649 1613 2687 Ant.
1637 2648 1723 2687 Iud.
1746 2648 1824 2687 xv]

511 2703 535 2747 5
557 2704 631 2739 185
660 2718 709 2732 =
736 2699 830 2739 Ant.
858 2699 944 2739 Iud.
973 2699 1103 2739 XVIII
1124 2704 1209 2739 261.
