2352 3080
499 249 591 294 174
870 250 979 287 ΤοΤ
1004 249 1302 288 IOTAAIKOT
1327 248 1599 288 ΠοΛΕΜοΤ

495 367 653 426 <194>
693 367 888 412 πάντων
928 367 1019 427 γὰρ
1060 373 1157 412 τῶν
1198 365 1595 426 ὑποτεταγμένων
1639 365 1798 413 ἐθνῶν
1828 362 1917 411 κατὰ

494 445 636 489 πόλιν
683 444 1144 506 συγκαθιδρυκότων
1196 447 1296 498 τοϊς
1349 443 1516 497 ἄλλοις
1568 447 1704 498 θεοῖς
1747 441 1821 490 καὶ
1857 440 1919 493 τὰς

494 522 737 581 Καίσαρος
778 522 986 580 εἰκόνας,
1025 521 1078 567 τὸ
1119 521 1299 581 μόνους
1338 518 1553 575 ἐκείνους
1587 519 1916 567 ἀντιτάττεσθαι

489 598 608 659 πρὸς
660 603 803 644 τοῦτο
857 597 1030 657 σχεδὸν
1083 595 1425 657 ἀφισταμένων
1476 593 1601 644 εἶναι
1648 595 1727 644 καὶ
1779 596 1917 657 μεστὸν

437 685 461 719 4
488 674 684 736 ὕβρεως.
729 672 888 734 <195>
920 681 1018 721 τῶν
1044 670 1098 720 δὲ
1131 674 1217 720 τὸν
1242 675 1394 734 νόμον
1420 671 1499 720 καὶ
1527 674 1581 720 τὸ
1609 672 1808 735 πάτριον
1832 674 1917 724 ἔθος
1941 702 1943 707 =

488 749 896 812 προτειναμένων,
942 749 1021 797 καὶ
1069 749 1133 805 ὡς
1173 747 1287 797 οὐδὲ
1326 754 1449 797 θεοῦ
1489 767 1536 797 τι
1577 751 1818 810 δείκηλον,
1854 748 1916 807 οὐχ

489 828 616 882 ὅπως
656 825 853 889 ἀνδρός,
893 827 951 874 οὐ
990 828 1109 875 κατὰ
1149 828 1234 874 τὸν
1273 827 1395 874 ναὸν
1428 829 1579 888 μόνον
1613 825 1718 874 ἀλλ’
1757 825 1848 874 οὐδ’
1882 823 1916 870 ἐν

489 906 648 966 εἰκαίῳ
682 902 779 951 τινὶ
813 906 941 967 τόπῳ
974 910 1057 965 τῆς
1083 905 1240 966 χώρας
1264 902 1446 951 θέσθαι
1475 905 1680 966 θεμιτὸν
1714 909 1800 965 εἴη,
1828 903 1915 949 ὑπο-

487 981 649 1040 λαβὼν
696 979 722 1027 ὁ
770 981 1046 1043 Πετρώνιος
1092 980 1236 1028 ’ἀλλὰ
1282 981 1377 1042 μὴν
1423 980 1565 1042 κάμοὶ
1613 975 1915 1042 φυλακτέοςὸ

486 1057 667 1118 τούμοῦ
698 1058 935 1105 δεσπότου
961 1057 1130 1119 νόμος’
1159 1059 1273 1119 ἔφη·
1307 1057 1549 1120 επαραβὰς
1575 1059 1668 1119 γὰρ
1696 1058 1837 1105 αὐτὸν
1857 1050 1914 1101 καὶ
1927 1068 1943 1095 1⁴

486 1133 774 1195 φεισάμενος
806 1134 943 1195 ὑμῶν
976 1134 1246 1196 ἀπολοῦμαι
1280 1136 1488 1190 δικαίως.
1540 1134 1715 1182 ἀπολεῖ
1743 1133 1793 1181 δ’
1820 1133 1913 1193 ὑμᾶς

485 1211 511 1259 ὁ
544 1210 730 1273 πέμψας
764 1210 864 1272 ἐμέ,
905 1211 992 1258 οὐκ
1028 1211 1138 1272 ἐγώ·
1191 1210 1270 1259 καὶ
1310 1212 1401 1273 γὰρ
1443 1212 1586 1267 αὐτὸς
1620 1211 1779 1273 ὥσπερ
1809 1211 1912 1270 ὑμεῖς

486 1287 823 1349 ἐπιτάττομαι.’
898 1289 1056 1347 <196>
1103 1289 1222 1350 πρὸς
1267 1295 1416 1337 ταῦτα
1461 1289 1514 1336 τὸ
1563 1293 1751 1349 πλῆθος
1799 1280 1911 1334 πάντ’

486 1364 597 1424 ἐβόα
643 1366 735 1427 πρὸ
781 1370 869 1411 τοῦ
916 1367 1068 1426 νόμου
1115 1363 1315 1425 πάσχειν
1363 1357 1559 1427 ἑτοίμως
1603 1367 1743 1426 ἔχειν.
1805 1377 1912 1411 κατα-

485 1443 672 1496 στείλας
705 1440 750 1486 δ’
787 1440 813 1487 ὁ
843 1442 1117 1500 Πετρώνιος
1143 1442 1304 1490 αὐτῶν
1330 1443 1418 1503 τὴν
1444 1443 1579 1504 βοήν,
1614 1434 1943 1503 “πολεμήσετε’1

485 1513 615 1565 εἶπεν
656 1517 773 1579 εὀίρα
812 1519 1063 1581 Καίσαρι;’
1113 1520 1270 1579 <197>
1310 1518 1390 1565 καὶ
1427 1517 1654 1567 Ἰουδαῖοι
1701 1516 1807 1579 περὶ
1846 1512 1911 1576 μὲν

485 1596 727 1656 Καίσαρος
766 1593 845 1641 καὶ
885 1601 972 1642 τοῦ
1013 1596 1168 1656 δήμου
1202 1603 1299 1643 τῶν
1325 1594 1566 1656 Ῥωμαίων
1607 1594 1682 1651 δὶς
1722 1602 1801 1656 τῆς
1829 1586 1911 1653 ἡμὲ’

483 1689 569 1732 ρας
601 1673 748 1720 θύειν
782 1674 988 1734 ἔφασαν,
1029 1674 1075 1719 εἰ
1112 1670 1166 1719 δὲ
1207 1673 1431 1733 βούλεται
1469 1673 1553 1727 τὰς
1593 1674 1781 1728 εἰκόνας
1810 1670 1912 1730 ἐγκα-

482 1749 709 1811 θιδρύειν
724 1785 737 1810 ,
789 1752 1024 1812 πρότερον
1071 1749 1218 1797 αὐτὸν
1267 1749 1372 1797 δεῖν
1424 1750 1550 1797 ἅπαν
1599 1751 1652 1797 τὸ
1697 1747 1912 1796 Ἰουδαίων

483 1828 628 1881 ἔθνος
647 1828 1013 1888 προθύσασθαι·
1046 1824 1272 1888 παρέχειν
1298 1823 1351 1873 δὲ
1371 1835 1499 1887 σφᾶς
1519 1827 1696 1881 αὐτοὺς
1724 1825 1912 1885 ἑτοίμους
1927 1827 1943 1857 ¹

482 1905 549 1958 εἰς
583 1905 777 1964 σφαγὴν
811 1905 906 1965 ἅμα
932 1903 1115 1959 τέκνοις
1141 1902 1221 1950 καὶ
1248 1902 1484 1963 γυναιξίν.
1534 1904 1694 1964 <198>
1729 1902 1803 1950 ἐπὶ
1827 1897 1912 1948 τού-

480 1996 582 2035 τοις
620 1984 786 2042 θαῦμα
826 1979 906 2028 καὶ
950 1977 1107 2036 οἶκτος
1147 1979 1293 2042 εἰσῄει
1332 1982 1418 2028 τὸν
1458 1980 1741 2041 Πετρώνιον
1779 1985 1855 2040 τῆς
1880 1970 1909 2020 τ’

481 2055 844 2119 ἀνυπερβλήτου
890 2060 1148 2118 θρησκείας
1193 2066 1291 2105 τῶν
1334 2057 1527 2120 ἀνδρῶν
1570 2056 1651 2104 καὶ
1698 2063 1785 2105 τοῦ
1821 2053 1915 2116 πρὸς

480 2133 696 2179 θάνατον
719 2132 909 2195 ἑτοίμου
930 2135 1305 2197 παραστήματος.
1351 2133 1431 2181 καὶ
1458 2136 1564 2181 τότε
1589 2131 1678 2195 μὲν
1706 2135 1912 2196 ἄπρακτοι

430 2219 452 2253 5
481 2209 792 2269 διελύθησαν,
825 2211 983 2271 (199)
1016 2219 1119 2266 ταῖς
1152 2209 1194 2256 δ’
1235 2209 1338 2271 ἑξῆς
1371 2210 1606 2273 ἀθροίσας
1631 2228 1683 2259 τε
1714 2214 1824 2267 τοὺς
1849 2210 1943 2256 δυ’*

478 2288 655 2341 νατοὺς
687 2284 792 2332 κατ’
838 2287 968 2333 ἰδίαν
999 2286 1079 2333 καὶ
1113 2289 1166 2335 τὸ
1199 2291 1387 2348 πλῆθος
1424 2286 1476 2334 ἐν
1508 2294 1656 2351 κοινῷ
1691 2286 1915 2347 συλλέγων

478 2359 592 2409 ποτὲ
630 2359 717 2423 μὲν
758 2363 1010 2423 παρεκάλει
1051 2362 1165 2411 ποτὲ
1205 2362 1258 2411 δὲ
1298 2364 1640 2425 συνεβούλευε,
1681 2367 1736 2413 τὸ
1776 2363 1915 2426 μέντοι

477 2438 624 2487 πλέον
677 2441 928 2500 διηπείλει,
981 2442 1069 2500 τήν
1121 2458 1169 2488 τε
1216 2440 1458 2502 Ῥωμαίων
1516 2440 1917 2503 ἐπανατεινόμενος

480 2519 619 2577 ἰσχὺν
652 2516 731 2564 καὶ
764 2520 878 2573 τοὺς
913 2519 1062 2565 Γαΐου
1096 2520 1288 2578 θυμοὺς
1319 2518 1406 2577 τήν
1438 2515 1480 2563 τ’
1519 2518 1651 2565 ἰδίαν
1685 2520 1803 2581 πρὸς
1827 2515 1919 2565 τού-

477 2611 578 2648 τοις
610 2594 835 2654 ἀνάγκην.
900 2594 1057 2654 <2ΟΟ>
1092 2595 1210 2655 πρὸς
1243 2591 1296 2641 δὲ
1329 2595 1564 2655 μηδεμίαν
1600 2603 1774 2657 πεῖραν
1812 2594 1943 2642 ἐνδι-8

580 2686 601 2728 5
625 2685 696 2719 199
725 2701 773 2714 =
800 2682 893 2721 Ant.
923 2681 1008 2720 Iud.
1036 2681 1165 2720 XVIII
1186 2685 1271 2720 276.
