2352 3080
506 253 600 300 302
867 254 975 292 'ror
1001 254 1300 292 mmmm*
1324 254 1594 292 nomo‘r

431 375 491 420 10
602 370 763 432 <462>
803 372 964 418 ἔπειτα
1002 357 1259 430 προελθὼν
1292 371 1441 431 αὐτῆς
1472 386 1523 417 τε
1555 368 1729 431 μεταξὺ
1763 369 1847 418 καὶ
1889 375 1976 418 Τα-

506 456 709 509 ριχαιῶν
748 448 1195 510 στρατοπεδεύεται,
1235 450 1426 508 τειχίζει
1459 462 1512 494 τε
1544 447 1632 507 τὴν
1664 448 1977 510 παρεμβολὴν

505 523 831 587 ὀχυρωτέραν,
876 521 1194 585 ὑφορώμενος
1232 523 1333 571 ἐκεῖ
1370 523 1585 586 πολέμου
1625 525 1802 586 τριβὴν
1847 525 1973 588 αὐτῷ

505 601 843 663 γενησομένην.
909 601 1068 663 <463>
1110 599 1335 663 συνέρρει
1365 601 1460 664 γὰρ
1492 603 1563 656 εἰς
1593 601 1678 657 τὰς
1719 604 1976 663 Ταριχαίας

505 689 602 727 πᾶν
640 680 694 726 τὸ
734 680 1037 740 νεωτερίζον,
1075 684 1134 740 τῇ
1172 694 1223 725 τε
1261 684 1346 739 τῆς
1384 679 1567 733 πόλεως
1604 676 1866 740 ὀχυρότητι
1896 677 1973 725 καὶ
2007 692 2023 721 ⁵

505 763 561 818 τῇ
601 758 745 818 λίμνῃ
778 757 1087 816 πεποιθότες,
1128 754 1159 816 ἢ
1190 757 1405 802 καλεῖται
1440 755 1690 817 Γεννησὰρ
1723 755 1848 816 πρὸς
1881 762 1974 802 τῶν

505 832 787 895 ἐπιχωρίων.
850 831 1008 892 <464>
1046 831 1077 891 ἡ
1116 828 1205 893 μὲν
1244 832 1338 894 γὰρ
1370 834 1531 893 πόλις,
1574 832 1735 894 ὥσπερ
1767 830 1799 891 ἡ
1843 820 1973 892 Τιβε-

505 910 612 969 ριὰς
649 906 888 971 ὑπώρειος
929 905 1073 970 οὖσα,
1111 907 1227 956 καθ’
1263 907 1295 955 ἃ
1334 909 1400 969 μὴ
1431 914 1491 971 τῇ
1530 910 1675 971 λίμνῃ
1708 909 1972 971 προσεκλύ-

505 988 622 1046 ζετο,
654 987 900 1033 πάντοθεν
925 985 1021 1033 ὑπὸ
1047 991 1137 1033 τοῦ
1166 983 1407 1046 Ἰωσήπου
1432 987 1691 1046 τετείχιστο
1718 993 1972 1047 καρτερῶς,

505 1064 700 1111 ἔλαττον
744 1061 909 1125 μέντοι
950 1069 1034 1124 τῆς
1080 1062 1379 1124 Τιβεριάδος·
1425 1059 1585 1122 <465>
1621 1062 1710 1109 τὸν
1749 1059 1842 1124 μὲν
1880 1064 1970 1125 γὰρ
1991 1078 2021 1106 m

504 1140 602 1187 ἐκεῖ
630 1142 888 1203 περίβολον
915 1139 968 1187 ἐν
1002 1139 1124 1202 ἀρχῇ
1155 1145 1240 1200 τῆς
1271 1137 1582 1194 ἀποστάσεως
1607 1139 1837 1202 δαψιλείᾳ
1861 1157 1970 1201 χρη-

502 1218 665 1280 μάτων
696 1216 777 1265 καὶ
814 1217 1062 1279 δυνάμεως
1095 1216 1408 1279 ἐκρατύνατο,
1448 1219 1702 1278 Ταριχαται
1735 1215 1777 1262 δ’
1821 1216 1969 1264 αὐτοῦ

502 1296 560 1341 τὰ
594 1297 796 1351 λείψανα
835 1300 918 1355 τῆς
957 1294 1234 1355 φιλοτιμίας
1274 1291 1550 1355 μετέλαβον.
1613 1292 1776 1353 <466>
1810 1292 1969 1355 σκάφη

503 1370 544 1418 δ’
591 1368 652 1431 ἦν
692 1372 857 1426 αὐτοῖς
900 1368 979 1417 ἐπὶ
1016 1377 1102 1431 τῆς
1140 1372 1312 1432 λίμνης
1348 1367 1772 1433 παρεσκευασμένα
1817 1372 1969 1418 πολλὰ

502 1450 621 1508 πρός
653 1464 703 1494 τε
729 1449 784 1495 τὸ
806 1447 1108 1509 συμφεύγειν
1129 1445 1206 1495 ἐπὶ
1224 1453 1314 1509 γῆς
1331 1445 1649 1508 ἡττωμένους,
1674 1447 1768 1495 κᾶν
1797 1449 1845 1495 εί
1869 1447 1967 1495 δέοι
1986 1460 2016 1490 1⁵

502 1525 862 1586 διαναυμαχεῖν,
894 1523 1197 1587 ἐξηρτυμένα.
1260 1524 1419 1586 (467)
1457 1522 1887 1587 περιβαλλομένων
1918 1522 1967 1572 δὲ

502 1609 600 1649 τῶν
638 1601 886 1663 Ῥωμαίων
923 1602 978 1648 τὸ
1020 1601 1369 1664 στρατόπεδον,
1414 1601 1468 1649 οἱ
1500 1600 1611 1664 περὶ
1649 1602 1738 1649 τὸν
1773 1600 1967 1663 Ἰησοῦν

505 1679 616 1726 οὔτε
647 1679 768 1741 πρὸς
799 1679 852 1726 τὸ
886 1681 1074 1739 πλῆθος
1108 1678 1221 1726 οὔτε
1251 1679 1372 1741 πρὸς
1396 1679 1486 1739 τὴν
1511 1676 1735 1735 εὐταξίαν
1758 1687 1863 1726 τῶν
1887 1695 1966 1727 πο-

504 1758 681 1817 λεμίων
711 1755 1055 1810 ὑποδείσαντες
1087 1754 1380 1817 προθέουσι,
1424 1754 1583 1816 <468>
1615 1752 1697 1802 καὶ
1728 1757 1855 1818 πρὸς
1884 1757 1968 1816 τὴν

503 1831 696 1895 πρώτην
736 1833 919 1894 ἔφοδον
957 1839 1055 1880 τῶν
1096 1838 1381 1893 τειχοποιῶν
1420 1830 1791 1880 σκεδασθέντων
1832 1832 1968 1893 ὀλίγα
1986 1845 2019 1875 2⁰

503 1917 586 1971 τῆς
625 1911 870 1971 δομήσεως
915 1907 1261 1972 σπαράξαντες,
1308 1908 1373 1964 ὡς
1412 1906 1577 1971 ἑώρων
1617 1911 1734 1964 τοὺς
1772 1908 1969 1965 ὁπλίτας

503 1985 900 2048 ἀθροιζομένους,
944 1988 1062 2049 πρίν
1100 2001 1148 2033 τι
1187 1989 1392 2046 παθεῖν,
1436 1985 1506 2040 εἰς
1545 1985 1661 2040 τοὺς
1702 1984 1971 2048 σφετέρους

503 2063 766 2124 ἀνέφυγον·
802 2062 1138 2120 ἐπιδιώξαντες
1169 2061 1211 2110 δ’
1253 2063 1306 2111 οἱ
1326 2061 1552 2124 Ῥωμαῖοι
1578 2063 1970 2110 συνελαύνουσιν

502 2139 678 2194 αὐτοὺς
716 2141 785 2195 είς
822 2139 882 2186 τὰ
923 2141 1095 2201 σκάφη.
1158 2139 1318 2201 (469)
1355 2137 1437 2186 καὶ
1470 2139 1521 2186 οἳ
1548 2134 1639 2199 μὲν
1670 2136 1969 2199 ἀναχθέντες

501 2218 570 2272 είς
603 2216 719 2262 ὅσον
751 2214 1043 2272 ἐξικνεῖσθαι
1075 2224 1174 2265 τῶν
1198 2214 1441 2278 Ῥωμαίων
1473 2214 1733 2277 βάλλοντες
1765 2216 1967 2264 δύναιν-
1987 2227 2022 2259 25

499 2311 576 2354 το,
616 2292 699 2347 τάς
735 2290 778 2339 τ’
821 2291 1034 2355 ἀγκύρας
1072 2294 1276 2354 ἔβαλλον
1313 2291 1394 2339 καὶ
1428 2289 1769 2347 πυκνώσαντες
1803 2293 1964 2355 ὥσπερ

498 2370 722 2432 φάλαγγα
760 2369 846 2425 τὰς
884 2375 1003 2425 ναῦς
1043 2368 1337 2430 ἐπαλλήλους
1373 2377 1475 2425 τοῖς
1509 2366 1589 2416 ἐπὶ
1625 2375 1712 2430 τῆς
1742 2375 1835 2430 γῆς
1867 2370 1964 2417 διε-

499 2448 778 2511 ναυμάχουν
809 2450 1075 2509 πολεμίοις·
1108 2446 1267 2508 (470)
1297 2445 1633 2513 ’δεσπασιανὸς
1664 2442 1720 2493 δὲ
1752 2447 1811 2494 τὸ
1836 2449 1962 2495 πολὺ

498 2530 683 2587 πλῆθος
724 2525 885 2573 αὐτῶν
926 2522 1252 2587 ἠθροισμένον
1297 2523 1489 2572 ἀκούων
1531 2522 1585 2570 ἐν
1625 2528 1695 2586 τῷ
1736 2524 1833 2586 πρὸ
1878 2530 1964 2585 τῆς

498 2604 678 2657 πόλεως
716 2603 886 2666 πεδίφ,
924 2601 1095 2662 πέμπει
1134 2601 1219 2648 τὸν
1257 2601 1369 2649 υἱὸν
1408 2601 1501 2647 σὺν
1536 2599 1764 2648 ἱππεῦσιν
1799 2598 1959 2657 ἑξακο-
1978 2614 2015 2642 ³⁰

438 2689 467 2724 2
492 2680 622 2734 σίοις
661 2676 938 2735 ἐπιλέκτοις.
996 2676 1153 2738 <471>
1195 2676 1221 2724 ὃ
1265 2676 1306 2724 δ’
1355 2675 1627 2739 ὑπέρογκον
1667 2675 1829 2739 εὑρὼν
1870 2678 1959 2738 τὴν
