2352 3080
429 756 452 790 2

438 2521 462 2555 4

478 239 541 286 84
850 240 958 284 1¹01·
984 239 1282 277 ΙΟΤΔΑΙΚΟΤ
1308 239 1578 277 ΠΟΛΕΜΟΥ

478 357 636 417 <402>
670 358 725 403 τό
752 373 805 416 γε
837 357 932 418 μὴν
967 354 1142 403 ἑαυτοῦ
1178 359 1426 415 βασίλειον
1457 355 1577 402 κατὰ
1604 355 1694 415 τὴν
1722 356 1743 401 ὂ

479 434 687 495 μάμενος
720 435 878 493 πόλιν,
913 434 1002 480 δύο
1036 436 1151 488 τοὺς
1183 435 1439 494 μεγίστους
1471 431 1551 479 καὶ
1581 447 1743 493 περικο

479 527 593 565 τους
627 515 804 570 οἴκους,
839 503 912 566 οἷς
946 508 1052 558 οὐδ’
1090 510 1116 557 ὁ
1151 512 1266 565 ναός
1306 526 1369 571 πη
1406 511 1738 570 συνεκρίνετο,

479 589 710 649 γόρευσεν
742 585 834 633 άπὸ
868 596 966 634 τῶν
999 590 1180 648 φίλων,
1207 588 1294 634 τὸν
1319 585 1408 648 μὲν
1441 586 1739 646 Καισάρειον

477 663 797 726 Ἀγρίππειον.
1299 702 1304 706 .

577 741 735 801 <403>
781 740 902 787 ἀλλὰ
949 741 1040 802 γὰρ
1089 741 1177 787 οὐκ
1223 745 1375 796 οἴκοις
1420 743 1574 802 μόνον
1623 741 1713 801 τὴν

482 818 642 865 αὐτῶν
687 817 768 864 καὶ
814 818 898 872 τὰς
939 817 1205 878 ἐπικλήσεις
1247 817 1558 880 περιέγραψε,
1606 817 1743 878 διέβη

482 896 596 950 ὅλας
628 897 791 950 πόλεις
823 894 952 958 αὐτῷ
986 896 1041 942 τὸ
1075 897 1347 955 φιλότιμον.
1413 894 1466 942 ἐν
1498 894 1587 956 μέν
1620 912 1674 955 γε
1702 902 1743 956 τῇ

482 972 654 1033 ρείτιδι
682 974 823 1019 πόλιν
849 974 1086 1034 καλλίστῳ
1114 973 1354 1035 περιβόλῳ
1381 973 1712 1033 τειχισάμενος
1737 993 1743 1017 .·

484 1050 621 1104 δίους
661 1053 832 1109 εἴκοσι,
872 1048 952 1095 καὶ
991 1049 1275 1108 καταγαγὼν
1308 1048 1654 1110 ἑξακισχιλίους
1695 1051 1742 1096 εἰ

485 1128 753 1189 οἰκήτορας,
799 1133 891 1186 γῆν
935 1143 985 1173 τε
1031 1126 1222 1181 τούτοις
1267 1128 1558 1187 προσνείμας
1602 1129 1743 1187 λιπαρ

482 1201 574 1250 κάν
625 1202 753 1267 μέσῳ
806 1209 872 1266 τῷ
924 1204 1145 1263 κτίσματι
1197 1205 1318 1251 ναόν
1364 1201 1413 1249 τ’
1463 1202 1743 1264 ἐνιδρυσάμε

483 1281 693 1343 Καίσαρι
733 1279 961 1341 μέγιστον
999 1278 1080 1326 καὶ
1121 1278 1230 1341 περὶ
1270 1279 1426 1327 αὐτὸν
1462 1278 1656 1340 τέμενος
1701 1279 1743 1326 o’c:

484 1365 633 1417 τριῶν
666 1357 814 1417 ἥμισυ
848 1357 1081 1416 σταδίων,
1121 1356 1174 1403 τὸ
1215 1357 1336 1403 ἄστυ
1368 1357 1623 1416 Σεβαστὴν
1657 1356 1742 1403 ε’πε

487 1432 726 1494 ἐξαίρετον
760 1430 813 1479 δὲ
846 1441 947 1488 τοῖς
980 1432 1034 1479 ἐν
1067 1433 1195 1495 αὐτῷ
1229 1430 1464 1493 παρέσχεν
1498 1432 1742 1492 εὐνομίαν.

581 1510 739 1570 (404)
793 1508 870 1556 ε’πὶ
923 1510 1113 1564 τούτοις
1167 1508 1510 1570 δωρησαμένου
1567 1516 1655 1557 τοῦ
1709 1513 1743 1556 B

486 1586 635 1633 αὐτὸν
669 1584 831 1648 ἑτέρας
864 1585 1126 1647 προσθέσει
1160 1585 1339 1648 χώρας,
1385 1586 1411 1633 ὃ
1454 1583 1507 1633 δὲ
1545 1586 1743 1633 κάνταῦα·

487 1663 615 1726 αὐτῷ
650 1667 821 1724 λευκῆς
852 1663 1106 1725 μαρμάρου
1139 1663 1471 1723 καθιδρύσατο
1498 1664 1626 1724 παρὰ
1660 1664 1743 1719 τὰς

486 1757 578 1787 νου
611 1741 781 1799 πηγάς·
815 1743 1026 1786 καλεῖται
1061 1737 1114 1786 δὲ
1140 1740 1356 1787 Πάνειον
1383 1739 1409 1786 ὁ
1436 1742 1592 1795 τόπος.
1646 1741 1739 1799 <40

487 1818 680 1880 κορυφὴ
713 1816 801 1879 μέν
840 1834 914 1872 τις
952 1819 1099 1877 ὅρους
1137 1819 1206 1872 εἰς
1240 1817 1442 1878 ἄπειρον
1475 1816 1599 1873 ὕψος
1639 1816 1743 1863 ἀνατ

486 1895 615 1955 παρὰ
644 1892 699 1942 δὲ
725 1896 814 1955 τὴν
839 1894 1070 1955 ὑπόρειον
1091 1895 1273 1953 λαγόνα
1300 1892 1568 1955 συνηρεφὲς
1595 1894 1743 1956 άντρο

487 1973 609 2031 οίγει
627 2006 641 2031 ,
700 1970 768 2017 δι’
829 1966 888 2018 οὗ
942 1970 1264 2032 βαραθρώδης
1315 1970 1525 2032 κρημνὸς
1570 1972 1638 2025 εἰς
1691 1971 1743 2033 ἀρ

489 2048 749 2110 ἀπορρῶγα
781 2048 1071 2108 βαθύνεται,
1114 2048 1324 2107 πληθύει
1364 2046 1413 2094 θ’
1455 2048 1631 2103 ὕδατος
1671 2048 1743 2095 ἀσι

488 2123 569 2171 καὶ
602 2132 704 2178 τοῖς
742 2126 990 2184 καθιμῶσί
1025 2141 1070 2171 τι
1105 2125 1224 2185 πρὸς
1265 2125 1468 2185 ἔρευναν
1508 2132 1595 2185 γῆς
1629 2123 1743 2172 οὐδὲ

490 2200 685 2263 ἐξαρκεῖ.
731 2200 890 2259 <406>
922 2207 1009 2247 τοῦ
1045 2199 1090 2246 δ’
1127 2203 1307 2261 ἄντρου
1340 2202 1460 2248 κατὰ
1492 2203 1576 2256 τὰς
1609 2201 1743 2258 §ema

488 2276 836 2324 ἀνατέλλουσιν
881 2277 935 2324 αἱ
976 2279 1146 2337 πηγαί·
1199 2276 1276 2324 καὶ
1325 2277 1512 2337 γένεσις
1557 2276 1671 2339 με’ν,
1721 2280 1743 2326 ὀ

490 2354 735 2414 δοκοῦσιν,
769 2355 914 2402 ἔνθεν
944 2353 1208 2417 Ἰορδάνου,
1241 2357 1294 2402 τὸ
1330 2354 1375 2401 δ’
1413 2353 1605 2416 ἀκριβὲς
1641 2356 1694 2402 ἐν
1721 2375 1743 2402 τ

490 2432 779 2493 δηλώσομεν.

583 2509 741 2570 <407>
777 2508 803 2555 ὁ
838 2507 891 2556 δὲ
930 2511 1156 2570 βασιλεὺς
1195 2509 1286 2556 κάν
1312 2508 1504 2571 Ἱεριχοῖ
1539 2508 1712 2570 μεταξὺ

591 2627 613 2670 §e
633 2627 707 2662 402
731 2642 779 2656 =
800 2622 893 2663 Ant.
916 2623 1002 2663 Iud.
1024 2623 1098 2662 XV
1119 2618 1204 2661 318.
1334 2627 1355 2671 ς
1376 2627 1450 2662 403
1473 2642 1520 2656 =
1545 2624 1637 2663 Ant.
1660 2623 1743 2664 Iud.

490 2678 511 2721 ξ
531 2677 608 2713 404
630 2693 678 2708 =
698 2675 792 2715 Ant.
815 2673 901 2716 Iud.
923 2674 997 2713 XV
1018 2678 1103 2714 363.
1259 2679 1262 2682 “
