2352 3080
430 2083 454 2117 5

480 264 540 311 16
848 265 959 303 TOT
984 265 1283 303 ΙΟΤΔΑΙΚΟΤ
1308 263 1580 302 ΠΟΛΕΜΟΥ

477 383 530 428 τὸ
565 382 764 442 ἄδηλον,
797 382 1007 442 διίστησι
1041 378 1130 442 μὲν
1163 383 1278 436 τοὺς
1310 380 1725 442 σωματοφύλακας
1762 380 1820 426 ἔν
1851 396 1946 426 τινι

477 466 575 506 τῶν
619 458 862 519 ὑπογείων
908 458 1117 519 ἀλαμπεῖ
1160 456 1422 521 (κατέκειτο
1475 456 1516 504 δ’
1577 456 1631 503 ἐν
1684 462 1743 518 τῇ
1799 456 1947 516 Βάρει

477 537 712 597 πρότερον
757 533 1027 596 καλουμένῃ
1041 572 1057 596 ‚
1109 531 1256 590 αὖθις
1308 533 1350 581 δ’
1402 532 1640 596 Ἀντωνίᾳ
1684 549 1947 595 μετονομα-

477 610 696 675 σθείσῃ),
741 609 1008 673 προστάξας
1047 611 1234 659 ἀόπλου
1272 609 1362 672 μὲν
1408 610 1694 672 ἀπέχεσθαι,
1737 612 1947 658 κτείνειν

477 686 531 735 δὲ
577 689 662 736 τὸν
700 687 982 747 Ἀντίγονον
1028 690 1073 735 εί
1109 689 1227 749 μετὰ
1264 695 1363 735 τῶν
1404 688 1566 735 ὅπλων
1604 689 1817 748 προσίοι.
1867 685 1946 734 καὶ
1978 703 1994 733 ε

476 766 596 826 πρὸς
629 765 777 812 αὐτὸν
811 766 987 826 ἔπεμψε
1025 766 1141 820 τοὺς
1180 771 1509 827 προεροῦντας
1548 766 1734 812 ἄοπλον
1768 764 1946 812 ἐλθεῖν.

476 843 602 901 <76>
643 843 763 902 πρὸς
802 848 945 890 τοῦτο
983 831 1114 890 πάνυ
1146 842 1434 904 πανούργως
1467 841 1498 901 ἡ
1540 843 1799 903 βασίλισσα
1833 853 1946 889 συν-

477 917 691 966 τάττεται
725 919 842 979 μετὰ
881 927 979 966 τῶν
1017 919 1309 981 ἐπιβούλων
1355 921 1470 974 τοὺς
1508 919 1601 981 γὰρ
1634 916 1946 979 πεμφθέντας

477 997 706 1042 πείθουσι
739 996 798 1043 τὰ
831 994 920 1057 μὲν
952 997 1081 1058 παρὰ
1113 1004 1201 1044 τοῦ
1236 995 1469 1057 βασιλέως
1495 1002 1751 1056 σιωπῆσαι,
1786 995 1945 1056 λέγειν
2001 1012 2003 1016 ·

478 1069 532 1119 δὲ
565 1073 683 1134 πρὸς
716 1073 801 1120 τὸν
831 1071 1114 1134 Ἀντίγονον
1148 1074 1213 1129 ὡς
1246 1073 1455 1134 ἁδελφὸς
1487 1071 1697 1127 ἀκούσας
1732 1072 1858 1119 ὅπλα
1889 1070 1936 1119 θ’
1958 1088 1987 1118 ω

477 1149 606 1213 αὑτῷ
638 1149 1033 1197 κατεσκευακέναι
1072 1151 1302 1197 κάλλιστα
1340 1149 1421 1197 καὶ
1461 1150 1723 1211 πολεμικὸν
1761 1152 1942 1210 κόσμον

477 1226 530 1273 ἐν
563 1233 621 1289 τῇ
657 1229 905 1289 Γαλιλαίᾳ,
937 1227 1020 1274 διὰ
1047 1225 1136 1288 μὲν
1169 1228 1257 1288 τὴν
1291 1227 1552 1275 ἀσθένειαν
1582 1227 1728 1282 αὐτὸς
1759 1225 1939 1274 ἐπιδεῖν

475 1303 650 1350 ἕκαστα
676 1307 936 1364 κωλυθείη,
965 1303 1081 1352 “νῦν
1113 1303 1156 1351 δ’
1191 1303 1292 1352 ἐπεὶ
1319 1303 1399 1351 καὶ
1425 1306 1716 1366 χωρίζεσθαι
1742 1302 1936 1365 μέλλεις,
1999 1359 2003 1363 ,

478 1379 697 1427 θεάσαιτ’
740 1380 802 1428 ἂν
841 1380 1012 1440 ἥδιστά
1052 1379 1094 1428 σ’
1143 1381 1197 1430 ἐν
1235 1390 1336 1437 τοῖς
1377 1380 1578 1436 ὅπλοις.’
1643 1381 1773 1442 <77>
1807 1377 1927 1428 ταῦτ’
1998 1376 2003 1452 1

478 1455 689 1511 ἀκούσας
740 1456 766 1503 ὁ
814 1456 1091 1517 Ἀντίγονος
1142 1456 1310 1521 (ἐνῆγε
1360 1457 1408 1505 δ’
1464 1458 1495 1518 ἡ
1547 1456 1795 1519 τάδελφοῦ
1841 1456 1930 1504 διά-
1942 1457 2003 1500 15⁴·

477 1537 617 1588 θεσις
662 1531 813 1594 μηδὲν
850 1533 1143 1582 ὑποπτεύειν
1189 1533 1426 1598 πονηρόν)
1469 1534 1637 1597 ἐχώρει
1682 1535 1802 1596 μετὰ
1846 1540 1926 1581 τῶν
1997 1488 2003 1563 1

478 1609 641 1656 ὅπλων
675 1611 740 1665 ὡς
765 1611 884 1673 πρὸς
911 1611 1153 1668 ἐπίδειξιν.
1206 1614 1463 1673 γενόμενος
1489 1609 1544 1659 δὲ
1568 1612 1688 1659 κατὰ
1718 1611 1809 1672 τὴν
1835 1623 1925 1659 σκο-

478 1687 642 1747 τεινὴν
680 1686 897 1748 πάροδον
935 1688 966 1748 ἢ
1009 1689 1299 1750 Στράτωνος
1338 1688 1549 1736 ἐκαλεῖτο
1596 1689 1804 1751 πύργος,
1847 1684 1925 1734 ὑπὸ
1998 1710 2003 1752 3

477 1772 576 1812 τῶν
602 1765 1029 1826 σωματοφυλάκων
1056 1765 1337 1828 ἀναιρεῖται,
1363 1764 1563 1826 βέβαιον
1589 1764 1843 1823 ἀποδείξας
1869 1764 1936 1812 ὅτι
2001 1766 2003 1770 '

477 1850 636 1888 πᾶσαν
677 1842 874 1889 εὔνοιαν
912 1841 992 1889 καὶ
1033 1843 1187 1904 φύσιν
1225 1845 1388 1890 κόπτει
1423 1843 1647 1903 διαβολή,
1682 1842 1765 1890 καὶ
1799 1837 1949 1890 οὐδὲν
1968 1842 2003 1876 ¹⁸

479 1918 605 1965 οὕτω
640 1926 738 1966 τῶν
770 1918 972 1978 ἀγαθῶν
1006 1924 1182 1967 παθῶν
1217 1919 1416 1982 ἰσχυρὸν
1450 1919 1475 1967 ὃ
1509 1925 1574 1983 τῷ
1603 1922 1779 1984 φθόνῳ
1807 1918 1965 1982 μέχρι

477 1996 656 2049 παντὸς
689 1994 887 2056 ἀντέχει.
1062 1989 1065 1993 ’
1521 2002 1524 2004 ’

573 2073 699 2131 <78>
738 2073 1006 2133 θαυμάσειε
1046 2071 1092 2119 δ’
1135 2074 1197 2120 ἄν
1235 2090 1308 2128 τις
1348 2073 1401 2121 ἐν
1440 2074 1596 2137 τούτῳ
1635 2072 1717 2121 καὶ
1749 2072 1982 2121 Ἰούδαν

479 2144 714 2208 (Ἐσσαῖος
745 2145 807 2207 ἦν
841 2147 992 2210 γένος,
1028 2149 1114 2197 οὐκ
1148 2151 1280 2198 ἔστιν
1313 2150 1391 2197 ὅτε
1423 2153 1624 2207 πταίσας
1652 2150 1683 2211 ἢ
1708 2144 1987 2208 ψευσθεὶὲνι

479 2222 532 2269 ἐν
552 2211 666 2279 ’τοῖς
698 2224 1125 2289 προαγγέλμασιν),
1159 2226 1211 2282 ὃς
1244 2227 1407 2287 ἐπειδὴ
1440 2227 1521 2275 καὶ
1546 2230 1653 2275 τότε
1678 2228 1766 2276 τὸν
1791 2214 1988 2277 ’Aml‘

479 2318 628 2360 γονον
673 2300 905 2350 ἐθεάσατο
944 2305 1179 2363 παριόντα
1220 2305 1301 2350 διὰ
1339 2311 1427 2370 τοῦ
1469 2305 1624 2365 ἱεροῦ,
1669 2306 1792 2367 πρὸς
1831 2302 1987 2354 τοὺὲ

478 2380 753 2440 γνωρίμους
773 2377 1035 2440 ἀνέκραγεν
1056 2377 1200 2442 (ἦσαν
1214 2380 1255 2427 δ’
1285 2382 1373 2428 οὐκ
1393 2381 1550 2442 ὀλίγοι
1566 2381 1985 2445 παρεδρεύοντεὸ

478 2455 608 2519 αὐτῷ
627 2463 726 2502 τῶν
744 2456 1120 2520 μανθανόντων)
1146 2458 1272 2519 <79>
1298 2458 1484 2506 (παπαῖ
1513 2466 1608 2506 νῦν
1635 2457 1741 2520 ἐμοὶ
1766 2461 1918 2508 καλόν
1943 2444 1974 2472 ’

479 2533 571 2592 ἔφη
605 2531 682 2579 “τὸ
715 2536 910 2594 θανεῖν,
951 2533 1029 2581 ὅτε
1067 2551 1162 2595 μου
1202 2534 1530 2596 προτέθνηκεν
1561 2535 1592 2595 ἡ
1626 2535 1835 2596 ἀλήθεια
1866 2523 1976 2585 καί

477 2626 524 2655 τι
563 2617 661 2656 τῶν
699 2608 778 2656 ὑπ’
826 2609 943 2672 ἐμοῦ
983 2610 1361 2673 προρρηθέντων
1400 2612 1691 2669 διέψευσται.
1758 2616 1811 2676 ζῇ
1853 2616 1956 2678 γὰρ
1984 2607 2004 2642 ¹

580 2701 602 2744 5
627 2701 673 2735 76
702 2717 750 2730 --
777 2697 871 2738 Ant.
900 2697 984 2738 Iud.
1013 2698 1107 2737 XIII
1128 2702 1214 2739 308.
