<?xml version="1.0" encoding="UTF-8"?>
<!DOCTYPE html PUBLIC "-//W3C//DTD XHTML 1.0 Transitional//EN"
    "http://www.w3.org/TR/xhtml1/DTD/xhtml1-transitional.dtd">
<html xmlns="http://www.w3.org/1999/xhtml" xml:lang="en" lang="en">
 <head>
  <title>
</title>
<meta http-equiv="Content-Type" content="text/html;charset=utf-8" />
  <meta name='ocr-system' content='tesseract 3.04.00' />
  <meta name='ocr-capabilities' content='ocr_page ocr_carea ocr_par ocr_line ocrx_word'/>
</head>
<body>
  <div class='ocr_page' id='page_1' title='image "./operaomniaposti00nabegoog_0608.png"; bbox 0 0 2352 3080; ppageno 0'>
   <div class='ocr_carea' id='block_1_1' title="bbox 574 175 1657 202">
    <p class='ocr_par' dir='ltr' id='par_1_1' title="bbox 574 175 1657 202">
     <span class='ocr_line' id='line_1_1' title="bbox 574 175 1657 202; baseline -0.001 -9"><span class='ocrx_word' id='word_1_1' title='bbox 574 175 669 202; x_wconf 70' lang='grc' dir='ltr'><strong><em>ῡυυ</em></strong></span> <span class='ocrx_word' id='word_1_2' title='bbox 947 175 963 193; x_wconf 68' lang='lat'><strong><em>,1</em></strong></span> <span class='ocrx_word' id='word_1_3' title='bbox 975 175 1008 194; x_wconf 79' lang='grc' dir='ltr'><em>υ</em></span> <span class='ocrx_word' id='word_1_4' title='bbox 1019 175 1040 193; x_wconf 70' lang='lat'><strong><em>1.</em></strong></span> <span class='ocrx_word' id='word_1_5' title='bbox 1075 175 1129 194; x_wconf 66' lang='lat' dir='ltr'><strong><em>lu</em></strong></span> <span class='ocrx_word' id='word_1_6' title='bbox 1141 175 1160 192; x_wconf 70' lang='lat' dir='ltr'><strong><em>J.</em></strong></span> <span class='ocrx_word' id='word_1_7' title='bbox 1170 175 1330 194; x_wconf 58' lang='lat' dir='ltr'><strong><em>unmu</em></strong></span> <span class='ocrx_word' id='word_1_8' title='bbox 1340 175 1361 194; x_wconf 60' lang='grc' dir='ltr'><strong><em>λ</em></strong></span> <span class='ocrx_word' id='word_1_9' title='bbox 1399 175 1624 194; x_wconf 61' lang='lat' dir='ltr'><strong><em>ltuxxnmu</em></strong></span> <span class='ocrx_word' id='word_1_10' title='bbox 1635 175 1657 192; x_wconf 73' lang='grc'><strong><em>,1.</em></strong></span> 
     </span>
    </p>
   </div>
   <div class='ocr_carea' id='block_1_2' title="bbox 543 272 1907 2646">
    <p class='ocr_par' dir='ltr' id='par_1_2' title="bbox 572 272 1872 335">
     <span class='ocr_line' id='line_1_2' title="bbox 572 272 1872 335; baseline -0.001 -15"><span class='ocrx_word' id='word_1_11' title='bbox 572 276 627 320; x_wconf 89' lang='grc' dir='ltr'><strong><em>τό</em></strong></span> <span class='ocrx_word' id='word_1_12' title='bbox 660 290 714 334; x_wconf 76' lang='grc' dir='ltr'><strong><em>γε</em></strong></span> <span class='ocrx_word' id='word_1_13' title='bbox 747 274 842 334; x_wconf 87' lang='grc' dir='ltr'><strong><em>μὴν</em></strong></span> <span class='ocrx_word' id='word_1_14' title='bbox 876 274 1168 335; x_wconf 86' lang='grc' dir='ltr'><strong><em>δραστήριον</em></strong></span> <span class='ocrx_word' id='word_1_15' title='bbox 1202 274 1351 320; x_wconf 85' lang='grc' dir='ltr'><strong><em>αὐτοῦ</em></strong></span> <span class='ocrx_word' id='word_1_16' title='bbox 1384 274 1504 320; x_wconf 87' lang='grc' dir='ltr'><strong><em>κατά</em></strong></span> <span class='ocrx_word' id='word_1_17' title='bbox 1543 290 1594 320; x_wconf 89' lang='grc' dir='ltr'><strong><em>τε</em></strong></span> <span class='ocrx_word' id='word_1_18' title='bbox 1625 282 1761 335; x_wconf 83' lang='grc' dir='ltr'><strong><em>χεῖρα</em></strong></span> <span class='ocrx_word' id='word_1_19' title='bbox 1794 272 1872 319; x_wconf 88' lang='grc' dir='ltr'><strong><em>καὶ</em></strong></span> 
     </span>
    </p>

    <p class='ocr_par' dir='ltr' id='par_1_3' title="bbox 572 347 1907 1337">
     <span class='ocr_line' id='line_1_3' title="bbox 572 347 1907 412; baseline 0 -15"><span class='ocrx_word' id='word_1_20' title='bbox 572 349 769 412; x_wconf 78' lang='grc' dir='ltr'><em>γνώμην</em></span> <span class='ocrx_word' id='word_1_21' title='bbox 803 351 1112 412; x_wconf 78' lang='grc' dir='ltr'><em>δορυφόρους</em></span> <span class='ocrx_word' id='word_1_22' title='bbox 1145 347 1271 412; x_wconf 86' lang='grc' dir='ltr'><strong><em>εἶχεν</em></strong></span> <span class='ocrx_word' id='word_1_23' title='bbox 1304 352 1392 397; x_wconf 87' lang='grc' dir='ltr'><strong><em>οὐκ</em></strong></span> <span class='ocrx_word' id='word_1_24' title='bbox 1425 351 1632 411; x_wconf 77' lang='grc' dir='ltr'><strong><em>ὀλίγους.</em></strong></span> <span class='ocrx_word' id='word_1_25' title='bbox 1685 351 1843 410; x_wconf 78' lang='grc'>(393)</span> <span class='ocrx_word' id='word_1_26' title='bbox 1878 368 1907 396; x_wconf 84' lang='grc' dir='ltr'><strong><em>π</em></strong></span> 
     </span>
     <span class='ocr_line' id='line_1_4' title="bbox 575 424 1907 490; baseline -0.001 -16"><span class='ocrx_word' id='word_1_27' title='bbox 575 424 629 474; x_wconf 74' lang='grc' dir='ltr'><strong><em>δὲ</em></strong></span> <span class='ocrx_word' id='word_1_28' title='bbox 674 436 818 490; x_wconf 80' lang='grc' dir='ltr'><strong><em>μοῖρα</em></strong></span> <span class='ocrx_word' id='word_1_29' title='bbox 864 435 961 474; x_wconf 81' lang='grc' dir='ltr'><strong><em>τῶν</em></strong></span> <span class='ocrx_word' id='word_1_30' title='bbox 1007 427 1405 488; x_wconf 78' lang='grc' dir='ltr'><em>ἀντικαθημένων</em></span> <span class='ocrx_word' id='word_1_31' title='bbox 1451 428 1727 475; x_wconf 75' lang='grc' dir='ltr'><strong><em>ἀπελείπετο</em></strong></span> <span class='ocrx_word' id='word_1_32' title='bbox 1740 463 1753 487; x_wconf 84' lang='grc'><strong><em>,</em></strong></span> <span class='ocrx_word' id='word_1_33' title='bbox 1800 426 1907 488; x_wconf 87' lang='grc' dir='ltr'><strong><em>παρ’</em></strong></span> 
     </span>
     <span class='ocr_line' id='line_1_5' title="bbox 577 502 1907 566; baseline -0.002 -14"><span class='ocrx_word' id='word_1_34' title='bbox 577 510 711 566; x_wconf 82' lang='grc' dir='ltr'><strong><em>ἴσχυε</em></strong></span> <span class='ocrx_word' id='word_1_35' title='bbox 742 502 831 566; x_wconf 75' lang='grc' dir='ltr'><strong><em>μὲν</em></strong></span> <span class='ocrx_word' id='word_1_36' title='bbox 862 503 943 551; x_wconf 85' lang='grc' dir='ltr'><strong><em>καὶ</em></strong></span> <span class='ocrx_word' id='word_1_37' title='bbox 971 507 1176 565; x_wconf 84' lang='grc' dir='ltr'><strong><em>φθόνος,</em></strong></span> <span class='ocrx_word' id='word_1_38' title='bbox 1209 505 1373 552; x_wconf 90' lang='grc' dir='ltr'><strong><em>δεινὸν</em></strong></span> <span class='ocrx_word' id='word_1_39' title='bbox 1399 503 1683 566; x_wconf 78' lang='grc' dir='ltr'><em>ἡγουμένων</em></span> <span class='ocrx_word' id='word_1_40' title='bbox 1707 505 1907 551; x_wconf 69' lang='grc' dir='ltr'><strong><em>ὑποτετᾱ</em></strong></span> 
     </span>
     <span class='ocr_line' id='line_1_6' title="bbox 573 580 1907 646; baseline -0.001 -18"><span class='ocrx_word' id='word_1_41' title='bbox 573 588 639 646; x_wconf 80' lang='grc' dir='ltr'><strong><em>τῷ</em></strong></span> <span class='ocrx_word' id='word_1_42' title='bbox 679 580 796 643; x_wconf 82' lang='grc' dir='ltr'><strong><em>πρὶν</em></strong></span> <span class='ocrx_word' id='word_1_43' title='bbox 837 583 1055 644; x_wconf 79' lang='grc' dir='ltr'><em>ἰσοτίμῳ,</em></span> <span class='ocrx_word' id='word_1_44' title='bbox 1101 583 1155 629; x_wconf 90' lang='grc' dir='ltr'><strong><em>τὸ</em></strong></span> <span class='ocrx_word' id='word_1_45' title='bbox 1200 580 1348 628; x_wconf 81' lang='grc' dir='ltr'><em>πλέον</em></span> <span class='ocrx_word' id='word_1_46' title='bbox 1387 580 1429 628; x_wconf 91' lang='grc' dir='ltr'><strong><em>δ’</em></strong></span> <span class='ocrx_word' id='word_1_47' title='bbox 1477 581 1700 641; x_wconf 78' lang='grc' dir='ltr'><strong><em>εὐλάβεια</em></strong></span> <span class='ocrx_word' id='word_1_48' title='bbox 1738 588 1821 641; x_wconf 83' lang='grc' dir='ltr'><strong><em>τῆς</em></strong></span> <span class='ocrx_word' id='word_1_49' title='bbox 1853 599 1907 641; x_wconf 81' lang='grc' dir='ltr'><strong><em>μ(</em></strong></span> 
     </span>
     <span class='ocr_line' id='line_1_7' title="bbox 573 657 1907 721; baseline -0.001 -15"><span class='ocrx_word' id='word_1_50' title='bbox 573 662 679 721; x_wconf 85' lang='grc' dir='ltr'><strong><em>χίας</em></strong></span> <span class='ocrx_word' id='word_1_51' title='bbox 718 657 991 720; x_wconf 75' lang='grc' dir='ltr'><strong><em>ἀπέτρεπεν.</em></strong></span> <span class='ocrx_word' id='word_1_52' title='bbox 1054 659 1213 719; x_wconf 85' lang='grc'>&lt;394&gt;</span> <span class='ocrx_word' id='word_1_53' title='bbox 1252 658 1364 706; x_wconf 82' lang='grc' dir='ltr'><strong><em>οὔτε</em></strong></span> <span class='ocrx_word' id='word_1_54' title='bbox 1404 659 1494 720; x_wconf 79' lang='grc' dir='ltr'><strong><em>γὰρ</em></strong></span> <span class='ocrx_word' id='word_1_55' title='bbox 1534 659 1821 705; x_wconf 82' lang='grc' dir='ltr'><strong><em>καταλύσειν</em></strong></span> <span class='ocrx_word' id='word_1_56' title='bbox 1853 658 1907 720; x_wconf 71' lang='grc' dir='ltr'><strong><em>ρ”ο</em></strong></span> 
     </span>
     <span class='ocr_line' id='line_1_8' title="bbox 572 733 1907 797; baseline -0.002 -13"><span class='ocrx_word' id='word_1_57' title='bbox 572 737 771 797; x_wconf 76' lang='grc' dir='ltr'><strong><em>ἤλπιζον</em></strong></span> <span class='ocrx_word' id='word_1_58' title='bbox 817 736 966 782; x_wconf 86' lang='grc' dir='ltr'><strong><em>αὐτὸν</em></strong></span> <span class='ocrx_word' id='word_1_59' title='bbox 1009 733 1131 791; x_wconf 77' lang='grc' dir='ltr'><strong><em>ἅπαξ</em></strong></span> <span class='ocrx_word' id='word_1_60' title='bbox 1176 736 1500 797; x_wconf 78' lang='grc' dir='ltr'><strong><em>κρατήσαντα,</em></strong></span> <span class='ocrx_word' id='word_1_61' title='bbox 1555 733 1636 782; x_wconf 83' lang='grc' dir='ltr'><strong><em>καὶ</em></strong></span> <span class='ocrx_word' id='word_1_62' title='bbox 1680 733 1795 781; x_wconf 85' lang='grc' dir='ltr'><strong><em>καθ’</em></strong></span> <span class='ocrx_word' id='word_1_63' title='bbox 1846 733 1907 781; x_wconf 82' lang='grc' dir='ltr'><strong><em>ἒα</em></strong></span> 
     </span>
     <span class='ocr_line' id='line_1_9' title="bbox 573 811 1907 875; baseline -0.001 -15"><span class='ocrx_word' id='word_1_64' title='bbox 573 815 820 875; x_wconf 90' lang='grc' dir='ltr'><strong><em>πρόφασιν</em></strong></span> <span class='ocrx_word' id='word_1_65' title='bbox 858 811 983 869; x_wconf 81' lang='grc' dir='ltr'><strong><em>ἕξειν</em></strong></span> <span class='ocrx_word' id='word_1_66' title='bbox 1021 813 1076 859; x_wconf 89' lang='grc' dir='ltr'><strong><em>τὸ</em></strong></span> <span class='ocrx_word' id='word_1_67' title='bbox 1115 811 1204 872; x_wconf 85' lang='grc' dir='ltr'><strong><em>τὴν</em></strong></span> <span class='ocrx_word' id='word_1_68' title='bbox 1243 812 1396 874; x_wconf 84' lang='grc' dir='ltr'><strong><em>ἀρχὴν</em></strong></span> <span class='ocrx_word' id='word_1_69' title='bbox 1435 811 1737 874; x_wconf 79' lang='grc' dir='ltr'><strong><em>ἀντιπρᾶξαι·</em></strong></span> <span class='ocrx_word' id='word_1_70' title='bbox 1789 819 1907 874; x_wconf 59' lang='grc' dir='ltr'><strong><em>προῖ]</em></strong></span> 
     </span>
     <span class='ocr_line' id='line_1_10' title="bbox 575 887 1907 951; baseline -0.001 -15"><span class='ocrx_word' id='word_1_71' title='bbox 575 887 627 937; x_wconf 74' lang='grc' dir='ltr'><strong><em>δὲ</em></strong></span> <span class='ocrx_word' id='word_1_72' title='bbox 669 889 740 951; x_wconf 80' lang='grc' dir='ltr'><strong><em>[ἢ]</em></strong></span> <span class='ocrx_word' id='word_1_73' title='bbox 781 892 1003 950; x_wconf 83' lang='grc' dir='ltr'><strong><em>πολεμῶν</em></strong></span> <span class='ocrx_word' id='word_1_74' title='bbox 1040 887 1237 945; x_wconf 82' lang='grc' dir='ltr'><strong><em>ἕκαστος</em></strong></span> <span class='ocrx_word' id='word_1_75' title='bbox 1276 888 1442 936; x_wconf 85' lang='grc' dir='ltr'><strong><em>ὁτιοῦν</em></strong></span> <span class='ocrx_word' id='word_1_76' title='bbox 1482 893 1661 936; x_wconf 80' lang='grc' dir='ltr'><strong><em>παθεῖν</em></strong></span> <span class='ocrx_word' id='word_1_77' title='bbox 1693 888 1722 949; x_wconf 85' lang='grc' dir='ltr'>ἢ</span> <span class='ocrx_word' id='word_1_78' title='bbox 1766 889 1907 935; x_wconf 73' lang='grc' dir='ltr'><strong><em>δουλε</em></strong></span> 
     </span>
     <span class='ocr_line' id='line_1_11' title="bbox 575 965 1904 1028; baseline -0.002 -14"><span class='ocrx_word' id='word_1_79' title='bbox 575 966 804 1023; x_wconf 79' lang='grc' dir='ltr'><strong><em>ἑκουσίως</em></strong></span> <span class='ocrx_word' id='word_1_80' title='bbox 838 965 891 1014; x_wconf 83' lang='grc' dir='ltr'><strong><em>ἐν</em></strong></span> <span class='ocrx_word' id='word_1_81' title='bbox 924 965 1234 1028; x_wconf 77' lang='grc' dir='ltr'><strong><em>ἀνδραπόδου</em></strong></span> <span class='ocrx_word' id='word_1_82' title='bbox 1267 969 1413 1028; x_wconf 76' lang='grc' dir='ltr'><strong><em>μοίρᾳ</em></strong></span> <span class='ocrx_word' id='word_1_83' title='bbox 1444 965 1823 1028; x_wconf 83' lang='grc' dir='ltr'><strong><em>παραπολέσθαι.</em></strong></span> <span class='ocrx_word' id='word_1_84' title='bbox 1878 970 1904 1023; x_wconf 84' lang='grc'>&lt;</span> 
     </span>
     <span class='ocr_line' id='line_1_12' title="bbox 574 1039 1907 1106; baseline -0.003 -14"><span class='ocrx_word' id='word_1_85' title='bbox 574 1046 835 1106; x_wconf 67' lang='grc' dir='ltr'><strong><em>διαιρεῖται.</em></strong></span> <span class='ocrx_word' id='word_1_86' title='bbox 860 1041 948 1104; x_wconf 76' lang='grc' dir='ltr'><strong><em>μὲν</em></strong></span> <span class='ocrx_word' id='word_1_87' title='bbox 981 1039 1073 1090; x_wconf 78' lang='grc' dir='ltr'><strong><em>οὖν</em></strong></span> <span class='ocrx_word' id='word_1_88' title='bbox 1098 1043 1128 1104; x_wconf 85' lang='grc' dir='ltr'>ἡ</span> <span class='ocrx_word' id='word_1_89' title='bbox 1155 1041 1322 1099; x_wconf 91' lang='grc' dir='ltr'><strong><em>στάσις</em></strong></span> <span class='ocrx_word' id='word_1_90' title='bbox 1352 1043 1403 1090; x_wconf 82' lang='grc' dir='ltr'><strong><em>ἐκ</em></strong></span> <span class='ocrx_word' id='word_1_91' title='bbox 1428 1044 1628 1106; x_wconf 84' lang='grc' dir='ltr'><strong><em>τούτων,</em></strong></span> <span class='ocrx_word' id='word_1_92' title='bbox 1661 1042 1740 1090; x_wconf 85' lang='grc' dir='ltr'><strong><em>καὶ</em></strong></span> <span class='ocrx_word' id='word_1_93' title='bbox 1768 1052 1871 1098; x_wconf 82' lang='grc' dir='ltr'><strong><em>τοῖς</em></strong></span> <span class='ocrx_word' id='word_1_94' title='bbox 1895 1059 1907 1088; x_wconf 74' lang='grc' dir='ltr'><strong>ε</strong></span> 
     </span>
     <span class='ocr_line' id='line_1_13' title="bbox 573 1118 1907 1181; baseline -0.003 -11"><span class='ocrx_word' id='word_1_95' title='bbox 573 1126 824 1170; x_wconf 78' lang='grc' dir='ltr'><strong><em>τιωθεῑσιν</em></strong></span> <span class='ocrx_word' id='word_1_96' title='bbox 862 1119 1096 1180; x_wconf 77' lang='grc' dir='ltr'><strong><em>Ἰωάννης</em></strong></span> <span class='ocrx_word' id='word_1_97' title='bbox 1142 1118 1524 1181; x_wconf 86' lang='grc' dir='ltr'><strong><em>ἀντεβασίλευεν.</em></strong></span> <span class='ocrx_word' id='word_1_98' title='bbox 1602 1121 1759 1179; x_wconf 73' lang='grc'>(396)</span> <span class='ocrx_word' id='word_1_99' title='bbox 1807 1120 1907 1166; x_wconf 73' lang='grc' dir='ltr'><strong><em>ἀλλι</em></strong></span> 
     </span>
     <span class='ocr_line' id='line_1_14' title="bbox 573 1194 1907 1260; baseline -0.002 -14"><span class='ocrx_word' id='word_1_100' title='bbox 573 1196 660 1259; x_wconf 72' lang='grc' dir='ltr'><strong><em>μὲν</em></strong></span> <span class='ocrx_word' id='word_1_101' title='bbox 693 1198 811 1260; x_wconf 90' lang='grc' dir='ltr'><strong><em>πρὸς</em></strong></span> <span class='ocrx_word' id='word_1_102' title='bbox 843 1197 1081 1257; x_wconf 87' lang='grc' dir='ltr'><strong><em>ἀλλήλους</em></strong></span> <span class='ocrx_word' id='word_1_103' title='bbox 1113 1197 1275 1252; x_wconf 76' lang='grc' dir='ltr'><strong><em>αὐτοῖς</em></strong></span> <span class='ocrx_word' id='word_1_104' title='bbox 1302 1198 1383 1243; x_wconf 77' lang='grc' dir='ltr'><strong><em>διὰ</em></strong></span> <span class='ocrx_word' id='word_1_105' title='bbox 1416 1200 1634 1259; x_wconf 83' lang='grc' dir='ltr'><strong><em>φυλακῆς</em></strong></span> <span class='ocrx_word' id='word_1_106' title='bbox 1666 1194 1741 1257; x_wconf 78' lang='grc' dir='ltr'><strong><em>ἦν,</em></strong></span> <span class='ocrx_word' id='word_1_107' title='bbox 1774 1196 1851 1243; x_wconf 71' lang='grc' dir='ltr'><strong><em>καὶ</em></strong></span> <span class='ocrx_word' id='word_1_108' title='bbox 1888 1214 1907 1243; x_wconf 85' lang='grc' dir='ltr'><strong><em>ο</em></strong></span> 
     </span>
     <span class='ocr_line' id='line_1_15' title="bbox 573 1274 1881 1337; baseline -0.002 -14"><span class='ocrx_word' id='word_1_109' title='bbox 573 1275 603 1336; x_wconf 82' lang='grc' dir='ltr'><em>ἢ</em></span> <span class='ocrx_word' id='word_1_110' title='bbox 636 1277 824 1337; x_wconf 89' lang='grc' dir='ltr'><strong><em>μικρόν,</em></strong></span> <span class='ocrx_word' id='word_1_111' title='bbox 858 1278 908 1321; x_wconf 81' lang='grc' dir='ltr'><strong><em>εἴ</em></strong></span> <span class='ocrx_word' id='word_1_112' title='bbox 933 1290 1069 1334; x_wconf 88' lang='grc' dir='ltr'><strong><em>ποτε,</em></strong></span> <span class='ocrx_word' id='word_1_113' title='bbox 1108 1274 1527 1335; x_wconf 78' lang='grc' dir='ltr'><strong><em>διηκροβολίζοντο</em></strong></span> <span class='ocrx_word' id='word_1_114' title='bbox 1560 1283 1662 1329; x_wconf 83' lang='grc' dir='ltr'><strong><em>τοῖς</em></strong></span> <span class='ocrx_word' id='word_1_115' title='bbox 1695 1275 1881 1329; x_wconf 85' lang='grc' dir='ltr'><strong><em>ὅπλοις·</em></strong></span> 
     </span>
    </p>

    <p class='ocr_par' dir='ltr' id='par_1_4' title="bbox 566 1349 1907 1939">
     <span class='ocr_line' id='line_1_16' title="bbox 574 1349 1907 1413; baseline -0.002 -14"><span class='ocrx_word' id='word_1_116' title='bbox 574 1355 655 1410; x_wconf 85' lang='grc' dir='ltr'><strong><em>ζον</em></strong></span> <span class='ocrx_word' id='word_1_117' title='bbox 695 1349 749 1399; x_wconf 75' lang='grc' dir='ltr'><strong><em>δὲ</em></strong></span> <span class='ocrx_word' id='word_1_118' title='bbox 786 1351 905 1398; x_wconf 79' lang='grc' dir='ltr'><strong><em>κατὰ</em></strong></span> <span class='ocrx_word' id='word_1_119' title='bbox 944 1357 1031 1398; x_wconf 88' lang='grc' dir='ltr'><strong><em>τοῦ</em></strong></span> <span class='ocrx_word' id='word_1_120' title='bbox 1072 1351 1252 1412; x_wconf 82' lang='grc' dir='ltr'><strong><em>δήμου,</em></strong></span> <span class='ocrx_word' id='word_1_121' title='bbox 1297 1349 1377 1398; x_wconf 81' lang='grc' dir='ltr'><strong><em>καὶ</em></strong></span> <span class='ocrx_word' id='word_1_122' title='bbox 1420 1353 1613 1413; x_wconf 89' lang='grc' dir='ltr'><strong><em>πότεροι</em></strong></span> <span class='ocrx_word' id='word_1_123' title='bbox 1656 1354 1855 1398; x_wconf 88' lang='grc' dir='ltr'><strong><em>πλείονα</em></strong></span> <span class='ocrx_word' id='word_1_124' title='bbox 1899 1383 1907 1396; x_wconf 69' lang='grc'><strong><em>,</em></strong></span> 
     </span>
     <span class='ocr_line' id='line_1_17' title="bbox 573 1427 1907 1489; baseline -0.001 -13"><span class='ocrx_word' id='word_1_125' title='bbox 573 1427 775 1485; x_wconf 76' lang='grc' dir='ltr'><strong><em>ἄξουσιν</em></strong></span> <span class='ocrx_word' id='word_1_126' title='bbox 807 1427 1222 1489; x_wconf 86' lang='grc' dir='ltr'><strong><em>ἀντεφιλονίκουν.</em></strong></span> <span class='ocrx_word' id='word_1_127' title='bbox 1273 1429 1431 1489; x_wconf 80' lang='grc'>(397)</span> <span class='ocrx_word' id='word_1_128' title='bbox 1466 1427 1562 1475; x_wconf 80' lang='grc' dir='ltr'><strong><em>ἐπεὶ</em></strong></span> <span class='ocrx_word' id='word_1_129' title='bbox 1599 1427 1641 1475; x_wconf 87' lang='grc' dir='ltr'><strong><em>δ’</em></strong></span> <span class='ocrx_word' id='word_1_130' title='bbox 1682 1428 1710 1488; x_wconf 88' lang='grc' dir='ltr'>ἡ</span> <span class='ocrx_word' id='word_1_131' title='bbox 1738 1430 1876 1482; x_wconf 89' lang='grc' dir='ltr'><strong><em>πόλις</em></strong></span> <span class='ocrx_word' id='word_1_132' title='bbox 1904 1449 1907 1455; x_wconf 56' lang='lat'><strong><em>⁴</em></strong></span> 
     </span>
     <span class='ocr_line' id='line_1_18' title="bbox 572 1503 1907 1568; baseline -0.001 -16"><span class='ocrx_word' id='word_1_133' title='bbox 572 1514 673 1561; x_wconf 77' lang='grc' dir='ltr'><strong><em>τοϊς</em></strong></span> <span class='ocrx_word' id='word_1_134' title='bbox 712 1507 953 1566; x_wconf 81' lang='grc' dir='ltr'><strong><em>μεγίστοις</em></strong></span> <span class='ocrx_word' id='word_1_135' title='bbox 990 1513 1154 1560; x_wconf 78' lang='grc' dir='ltr'><strong><em>κακοῖς</em></strong></span> <span class='ocrx_word' id='word_1_136' title='bbox 1194 1504 1481 1566; x_wconf 78' lang='grc' dir='ltr'><strong><em>ἐχειμάζετο,</em></strong></span> <span class='ocrx_word' id='word_1_137' title='bbox 1522 1505 1712 1568; x_wconf 77' lang='grc' dir='ltr'><strong><em>πολέμῳ</em></strong></span> <span class='ocrx_word' id='word_1_138' title='bbox 1744 1503 1823 1551; x_wconf 88' lang='grc' dir='ltr'><strong><em>καὶ</em></strong></span> <span class='ocrx_word' id='word_1_139' title='bbox 1857 1523 1907 1551; x_wconf 67' lang='grc' dir='ltr'><strong><em>τι</em></strong></span> 
     </span>
     <span class='ocr_line' id='line_1_19' title="bbox 572 1579 1900 1644; baseline -0.002 -14"><span class='ocrx_word' id='word_1_140' title='bbox 572 1583 669 1630; x_wconf 87' lang='grc' dir='ltr'><strong><em>νίδι</em></strong></span> <span class='ocrx_word' id='word_1_141' title='bbox 705 1581 784 1630; x_wconf 86' lang='grc' dir='ltr'><strong><em>καὶ</em></strong></span> <span class='ocrx_word' id='word_1_142' title='bbox 818 1581 1003 1643; x_wconf 88' lang='grc' dir='ltr'><strong><em>στάσει,</em></strong></span> <span class='ocrx_word' id='word_1_143' title='bbox 1042 1582 1160 1629; x_wconf 82' lang='grc' dir='ltr'><strong><em>κατὰ</em></strong></span> <span class='ocrx_word' id='word_1_144' title='bbox 1199 1582 1457 1644; x_wconf 77' lang='grc' dir='ltr'><strong><em>σύγκρισιν</em></strong></span> <span class='ocrx_word' id='word_1_145' title='bbox 1489 1583 1804 1643; x_wconf 82' lang='grc' dir='ltr'><strong><em>μετριώτερον</em></strong></span> <span class='ocrx_word' id='word_1_146' title='bbox 1836 1579 1900 1641; x_wconf 81' lang='grc' dir='ltr'><strong><em>ἧν</em></strong></span> 
     </span>
     <span class='ocr_line' id='line_1_20' title="bbox 573 1657 1907 1721; baseline -0.001 -15"><span class='ocrx_word' id='word_1_147' title='bbox 573 1661 847 1721; x_wconf 85' lang='grc' dir='ltr'><strong><em>δημοτικοῖς</em></strong></span> <span class='ocrx_word' id='word_1_148' title='bbox 873 1658 899 1706; x_wconf 85' lang='grc' dir='ltr'><strong>ὁ</strong></span> <span class='ocrx_word' id='word_1_149' title='bbox 926 1661 1143 1720; x_wconf 90' lang='grc' dir='ltr'><strong><em>πόλεμος.</em></strong></span> <span class='ocrx_word' id='word_1_150' title='bbox 1208 1657 1369 1720; x_wconf 83' lang='grc' dir='ltr'><strong><em>ἀμέλει</em></strong></span> <span class='ocrx_word' id='word_1_151' title='bbox 1404 1660 1827 1721; x_wconf 87' lang='grc' dir='ltr'><strong><em>διαδιδράσκοντες</em></strong></span> <span class='ocrx_word' id='word_1_152' title='bbox 1856 1658 1907 1705; x_wconf 84' lang='grc' dir='ltr'><strong><em>ἐκ</em></strong></span> 
     </span>
     <span class='ocr_line' id='line_1_21' title="bbox 573 1733 1907 1798; baseline -0.003 -14"><span class='ocrx_word' id='word_1_153' title='bbox 573 1738 764 1784; x_wconf 84' lang='grc' dir='ltr'><strong><em>οἰκείων</em></strong></span> <span class='ocrx_word' id='word_1_154' title='bbox 810 1738 1020 1798; x_wconf 79' lang='grc' dir='ltr'><strong><em>ἔφευγον</em></strong></span> <span class='ocrx_word' id='word_1_155' title='bbox 1070 1736 1190 1795; x_wconf 88' lang='grc' dir='ltr'><strong><em>πρὸς</em></strong></span> <span class='ocrx_word' id='word_1_156' title='bbox 1233 1737 1349 1791; x_wconf 85' lang='grc' dir='ltr'><strong><em>τοὺς</em></strong></span> <span class='ocrx_word' id='word_1_157' title='bbox 1395 1733 1722 1798; x_wconf 84' lang='grc' dir='ltr'><strong><em>ἀλλοφύλους,</em></strong></span> <span class='ocrx_word' id='word_1_158' title='bbox 1775 1734 1854 1781; x_wconf 90' lang='grc' dir='ltr'><strong><em>καὶ</em></strong></span> <span class='ocrx_word' id='word_1_159' title='bbox 1904 1759 1907 1780; x_wconf 81' lang='lat'>:</span> 
     </span>
     <span class='ocr_line' id='line_1_22' title="bbox 566 1809 1899 1875; baseline -0.002 -14"><span class='ocrx_word' id='word_1_160' title='bbox 566 1814 817 1875; x_wconf 87' lang='grc' dir='ltr'><strong><em>Ῥωμαίοις</em></strong></span> <span class='ocrx_word' id='word_1_161' title='bbox 855 1809 911 1874; x_wconf 80' lang='grc' dir='ltr'><strong><em>ἧς</em></strong></span> <span class='ocrx_word' id='word_1_162' title='bbox 950 1813 1224 1873; x_wconf 83' lang='grc' dir='ltr'><strong><em>ἀπήλπισαν</em></strong></span> <span class='ocrx_word' id='word_1_163' title='bbox 1265 1811 1318 1860; x_wconf 80' lang='grc' dir='ltr'><strong><em>ἐν</em></strong></span> <span class='ocrx_word' id='word_1_164' title='bbox 1349 1819 1452 1869; x_wconf 77' lang='grc' dir='ltr'><strong><em>τοῖς</em></strong></span> <span class='ocrx_word' id='word_1_165' title='bbox 1485 1814 1629 1869; x_wconf 86' lang='grc' dir='ltr'><strong><em>ἰδίοις</em></strong></span> <span class='ocrx_word' id='word_1_166' title='bbox 1663 1814 1899 1873; x_wconf 85' lang='grc' dir='ltr'><strong><em>σωτηρίας</em></strong></span> 
     </span>
     <span class='ocr_line' id='line_1_23' title="bbox 572 1897 731 1939; baseline -0.013 0"><span class='ocrx_word' id='word_1_167' title='bbox 572 1897 731 1939; x_wconf 88' lang='grc' dir='ltr'><strong><em>οῦντο.</em></strong></span> 
     </span>
    </p>

    <p class='ocr_par' dir='ltr' id='par_1_5' title="bbox 543 1964 1907 2646">
     <span class='ocr_line' id='line_1_24' title="bbox 668 1964 1907 2029; baseline -0.001 -16"><span class='ocrx_word' id='word_1_168' title='bbox 668 1967 826 2028; x_wconf 78' lang='grc'>(398)</span> <span class='ocrx_word' id='word_1_169' title='bbox 859 1964 1086 2029; x_wconf 84' lang='grc' dir='ltr'><strong><em>τέταρτον</em></strong></span> <span class='ocrx_word' id='word_1_170' title='bbox 1125 1964 1172 2013; x_wconf 86' lang='grc' dir='ltr'><strong><em>δ’</em></strong></span> <span class='ocrx_word' id='word_1_171' title='bbox 1216 1966 1335 2013; x_wconf 78' lang='grc' dir='ltr'><strong><em>ἄλλο</em></strong></span> <span class='ocrx_word' id='word_1_172' title='bbox 1375 1967 1523 2013; x_wconf 85' lang='grc' dir='ltr'><strong><em>κακὸν</em></strong></span> <span class='ocrx_word' id='word_1_173' title='bbox 1557 1965 1756 2013; x_wconf 80' lang='grc' dir='ltr'><strong><em>ἐκινεῖτο</em></strong></span> <span class='ocrx_word' id='word_1_174' title='bbox 1790 1967 1907 2027; x_wconf 86' lang='grc' dir='ltr'><strong><em>πρὸς</em></strong></span> 
     </span>
     <span class='ocr_line' id='line_1_25' title="bbox 571 2039 1907 2105; baseline -0.002 -15"><span class='ocrx_word' id='word_1_175' title='bbox 571 2049 660 2090; x_wconf 86' lang='grc' dir='ltr'><strong><em>τοῦ</em></strong></span> <span class='ocrx_word' id='word_1_176' title='bbox 687 2045 868 2098; x_wconf 80' lang='grc' dir='ltr'><strong><em>ἔθνους</em></strong></span> <span class='ocrx_word' id='word_1_177' title='bbox 892 2041 1169 2090; x_wconf 86' lang='grc' dir='ltr'><strong><em>κατάλυσιν.</em></strong></span> <span class='ocrx_word' id='word_1_178' title='bbox 1220 2043 1375 2103; x_wconf 81' lang='grc'>(399)</span> <span class='ocrx_word' id='word_1_179' title='bbox 1411 2043 1652 2105; x_wconf 88' lang='grc' dir='ltr'><strong><em>φρούριον</em></strong></span> <span class='ocrx_word' id='word_1_180' title='bbox 1677 2039 1738 2102; x_wconf 75' lang='grc' dir='ltr'><strong><em>ἦν</em></strong></span> <span class='ocrx_word' id='word_1_181' title='bbox 1773 2042 1831 2088; x_wconf 86' lang='grc' dir='ltr'><strong><em>οὐ</em></strong></span> <span class='ocrx_word' id='word_1_182' title='bbox 1867 2059 1907 2087; x_wconf 57' lang='grc' dir='ltr'><strong><em>πε</em></strong></span> 
     </span>
     <span class='ocr_line' id='line_1_26' title="bbox 564 2119 1907 2182; baseline -0.001 -15"><span class='ocrx_word' id='word_1_183' title='bbox 564 2119 917 2182; x_wconf 81' lang='grc' dir='ltr'><strong><em>Ἰεροσολύμων</em></strong></span> <span class='ocrx_word' id='word_1_184' title='bbox 954 2120 1333 2182; x_wconf 82' lang='grc' dir='ltr'><strong><em>καρτερώτατον,</em></strong></span> <span class='ocrx_word' id='word_1_185' title='bbox 1372 2120 1466 2167; x_wconf 86' lang='grc' dir='ltr'><strong><em>ὑπὸ</em></strong></span> <span class='ocrx_word' id='word_1_186' title='bbox 1506 2126 1603 2166; x_wconf 81' lang='grc' dir='ltr'><strong><em>τῶν</em></strong></span> <span class='ocrx_word' id='word_1_187' title='bbox 1643 2119 1855 2180; x_wconf 84' lang='grc' dir='ltr'><strong><em>ἀρχαίων</em></strong></span> <span class='ocrx_word' id='word_1_188' title='bbox 1898 2136 1907 2178; x_wconf 58' lang='lat'><em>1</em></span> 
     </span>
     <span class='ocr_line' id='line_1_27' title="bbox 571 2193 1907 2258; baseline -0.001 -14"><span class='ocrx_word' id='word_1_189' title='bbox 571 2195 694 2245; x_wconf 82' lang='grc' dir='ltr'><strong><em>λέων</em></strong></span> <span class='ocrx_word' id='word_1_190' title='bbox 740 2199 809 2251; x_wconf 77' lang='grc' dir='ltr'><strong><em>είς</em></strong></span> <span class='ocrx_word' id='word_1_191' title='bbox 854 2193 904 2243; x_wconf 79' lang='grc' dir='ltr'><strong><em>θ’</em></strong></span> <span class='ocrx_word' id='word_1_192' title='bbox 955 2194 1221 2244; x_wconf 80' lang='grc' dir='ltr'><strong><em>ὑπέκθεσιν</em></strong></span> <span class='ocrx_word' id='word_1_193' title='bbox 1265 2198 1473 2258; x_wconf 84' lang='grc' dir='ltr'><strong><em>κτήσεως</em></strong></span> <span class='ocrx_word' id='word_1_194' title='bbox 1512 2195 1565 2243; x_wconf 81' lang='grc' dir='ltr'><strong><em>ἐν</em></strong></span> <span class='ocrx_word' id='word_1_195' title='bbox 1604 2195 1816 2257; x_wconf 87' lang='grc' dir='ltr'><strong><em>πολέμου</em></strong></span> <span class='ocrx_word' id='word_1_196' title='bbox 1861 2196 1907 2257; x_wconf 80' lang='grc' dir='ltr'><strong><em>ῥ(</em></strong></span> 
     </span>
     <span class='ocr_line' id='line_1_28' title="bbox 569 2271 1907 2334; baseline -0.003 -12"><span class='ocrx_word' id='word_1_197' title='bbox 569 2271 649 2322; x_wconf 87' lang='grc' dir='ltr'><strong><em>καὶ</em></strong></span> <span class='ocrx_word' id='word_1_198' title='bbox 683 2271 917 2334; x_wconf 87' lang='grc' dir='ltr'><strong><em>σωμάτων</em></strong></span> <span class='ocrx_word' id='word_1_199' title='bbox 957 2271 1224 2334; x_wconf 86' lang='grc' dir='ltr'><strong><em>ἀσφάλειαν</em></strong></span> <span class='ocrx_word' id='word_1_200' title='bbox 1262 2272 1715 2334; x_wconf 84' lang='grc' dir='ltr'><strong><em>κατεσκευασμένον,</em></strong></span> <span class='ocrx_word' id='word_1_201' title='bbox 1759 2273 1784 2319; x_wconf 87' lang='grc' dir='ltr'><strong><em>ὃ</em></strong></span> <span class='ocrx_word' id='word_1_202' title='bbox 1818 2272 1907 2319; x_wconf 73' lang='grc' dir='ltr'><strong><em>ἐκα,</em></strong></span> 
     </span>
     <span class='ocr_line' id='line_1_29' title="bbox 570 2349 1907 2412; baseline -0.002 -13"><span class='ocrx_word' id='word_1_203' title='bbox 570 2349 795 2399; x_wconf 90' lang='grc' dir='ltr'><strong><em>Μασάδα.</em></strong></span> <span class='ocrx_word' id='word_1_204' title='bbox 861 2349 1016 2409; x_wconf 92' lang='grc' dir='ltr'>&lt;4ΟΟ&gt;</span> <span class='ocrx_word' id='word_1_205' title='bbox 1050 2356 1194 2397; x_wconf 88' lang='grc' dir='ltr'><strong><em>τοῦτο</em></strong></span> <span class='ocrx_word' id='word_1_206' title='bbox 1228 2352 1564 2412; x_wconf 88' lang='grc' dir='ltr'><strong><em>κατειληφότες</em></strong></span> <span class='ocrx_word' id='word_1_207' title='bbox 1597 2351 1647 2398; x_wconf 83' lang='grc' dir='ltr'><strong><em>οί</em></strong></span> <span class='ocrx_word' id='word_1_208' title='bbox 1676 2362 1907 2410; x_wconf 68' lang='grc' dir='ltr'><strong><em>προσαγορ</em></strong></span> 
     </span>
     <span class='ocr_line' id='line_1_30' title="bbox 570 2424 1906 2490; baseline -0.001 -15"><span class='ocrx_word' id='word_1_209' title='bbox 570 2445 710 2490; x_wconf 88' lang='grc' dir='ltr'><strong><em>μενοι</em></strong></span> <span class='ocrx_word' id='word_1_210' title='bbox 745 2427 955 2490; x_wconf 84' lang='grc' dir='ltr'><strong><em>σικάριοι</em></strong></span> <span class='ocrx_word' id='word_1_211' title='bbox 995 2425 1111 2482; x_wconf 87' lang='grc' dir='ltr'><strong><em>τέως</em></strong></span> <span class='ocrx_word' id='word_1_212' title='bbox 1142 2424 1230 2488; x_wconf 77' lang='grc' dir='ltr'><strong><em>μὲν</em></strong></span> <span class='ocrx_word' id='word_1_213' title='bbox 1264 2428 1348 2482; x_wconf 84' lang='grc' dir='ltr'><strong><em>τὰς</em></strong></span> <span class='ocrx_word' id='word_1_214' title='bbox 1379 2430 1585 2488; x_wconf 89' lang='grc' dir='ltr'><strong><em>πλησίον</em></strong></span> <span class='ocrx_word' id='word_1_215' title='bbox 1628 2425 1785 2488; x_wconf 82' lang='grc' dir='ltr'><strong><em>χώρας</em></strong></span> <span class='ocrx_word' id='word_1_216' title='bbox 1817 2445 1906 2474; x_wconf 87' lang='grc' dir='ltr'><strong><em>κατ</em></strong></span> 
     </span>
     <span class='ocr_line' id='line_1_31' title="bbox 569 2502 1868 2568; baseline -0.001 -15"><span class='ocrx_word' id='word_1_217' title='bbox 569 2523 680 2568; x_wconf 81' lang='grc' dir='ltr'><strong><em>χον,</em></strong></span> <span class='ocrx_word' id='word_1_218' title='bbox 719 2502 865 2552; x_wconf 77' lang='grc' dir='ltr'><strong><em>οὐδὲν</em></strong></span> <span class='ocrx_word' id='word_1_219' title='bbox 903 2503 1051 2552; x_wconf 83' lang='grc' dir='ltr'><strong><em>πλέον</em></strong></span> <span class='ocrx_word' id='word_1_220' title='bbox 1090 2512 1189 2552; x_wconf 78' lang='grc' dir='ltr'><strong><em>τῶν</em></strong></span> <span class='ocrx_word' id='word_1_221' title='bbox 1229 2503 1509 2565; x_wconf 85' lang='grc' dir='ltr'><strong><em>ἐπιτηδείων</em></strong></span> <span class='ocrx_word' id='word_1_222' title='bbox 1542 2507 1868 2566; x_wconf 81' lang='grc' dir='ltr'><strong><em>ποριζόμενοι·</em></strong></span> 
     </span>
     <span class='ocr_line' id='line_1_32' title="bbox 543 2579 1907 2646; baseline -0.001 -17"><span class='ocrx_word' id='word_1_223' title='bbox 543 2582 649 2644; x_wconf 66' lang='grc' dir='ltr'><strong><em>γάρ</em></strong></span> <span class='ocrx_word' id='word_1_224' title='bbox 692 2579 1045 2632; x_wconf 70' lang='grc' dir='ltr'><strong><em>ἀνεστέλλοντο</em></strong></span> <span class='ocrx_word' id='word_1_225' title='bbox 1088 2588 1173 2646; x_wconf 83' lang='grc' dir='ltr'><strong><em>τῆς</em></strong></span> <span class='ocrx_word' id='word_1_226' title='bbox 1215 2584 1434 2637; x_wconf 83' lang='grc' dir='ltr'><strong><em>πλείονος</em></strong></span> <span class='ocrx_word' id='word_1_227' title='bbox 1477 2581 1704 2641; x_wconf 82' lang='grc' dir='ltr'><strong><em>ἁρπαγῆς.</em></strong></span> <span class='ocrx_word' id='word_1_228' title='bbox 1771 2582 1907 2641; x_wconf 69' lang='lat'>&lt;4012</span> 
     </span>
    </p>
   </div>
  </div>
 </body>
</html>
