<?xml version="1.0" encoding="UTF-8"?>
<!DOCTYPE html PUBLIC "-//W3C//DTD XHTML 1.0 Transitional//EN"
    "http://www.w3.org/TR/xhtml1/DTD/xhtml1-transitional.dtd">
<html xmlns="http://www.w3.org/1999/xhtml" xml:lang="en" lang="en">
 <head>
  <title>
</title>
<meta http-equiv="Content-Type" content="text/html;charset=utf-8" />
  <meta name='ocr-system' content='tesseract 3.04.00' />
  <meta name='ocr-capabilities' content='ocr_page ocr_carea ocr_par ocr_line ocrx_word'/>
</head>
<body>
  <div class='ocr_page' id='page_1' title='image "./operaomniaposti00nabegoog_0466.png"; bbox 0 0 2352 3080; ppageno 0'>
   <div class='ocr_carea' id='block_1_1' title="bbox 510 237 1613 284">
    <p class='ocr_par' dir='ltr' id='par_1_1' title="bbox 510 237 1613 284">
     <span class='ocr_line' id='line_1_1' title="bbox 510 237 1613 284; baseline -0.007 0"><span class='ocrx_word' id='word_1_1' title='bbox 510 237 603 284; x_wconf 81' lang='lat'><strong><em>298</em></strong></span> <span class='ocrx_word' id='word_1_2' title='bbox 887 240 997 277; x_wconf 77' lang='lat' dir='ltr'><strong><em>rro‘r</em></strong></span> <span class='ocrx_word' id='word_1_3' title='bbox 1022 239 1320 278; x_wconf 73' lang='grc' dir='ltr'><strong><em>ΙοΤΔΑΙΚοΤ</em></strong></span> <span class='ocrx_word' id='word_1_4' title='bbox 1343 239 1613 277; x_wconf 67' lang='grc' dir='ltr'><strong>ΠΟΛΕΜΟΥ</strong></span> 
     </span>
    </p>
   </div>
   <div class='ocr_carea' id='block_1_2' title="bbox 457 353 2035 2724">
    <p class='ocr_par' dir='ltr' id='par_1_2' title="bbox 508 353 1974 558">
     <span class='ocr_line' id='line_1_2' title="bbox 510 353 1973 418; baseline 0 -16"><span class='ocrx_word' id='word_1_5' title='bbox 510 353 823 417; x_wconf 84' lang='grc' dir='ltr'><strong><em>βρασθέντων</em></strong></span> <span class='ocrx_word' id='word_1_6' title='bbox 856 354 1091 418; x_wconf 79' lang='grc' dir='ltr'><strong><em>σωμάτων</em></strong></span> <span class='ocrx_word' id='word_1_7' title='bbox 1122 358 1491 418; x_wconf 87' lang='grc' dir='ltr'><strong><em>τετρακισχίλιοι</em></strong></span> <span class='ocrx_word' id='word_1_8' title='bbox 1523 356 1644 418; x_wconf 86' lang='grc' dir='ltr'><strong><em>πρὸς</em></strong></span> <span class='ocrx_word' id='word_1_9' title='bbox 1675 363 1779 411; x_wconf 84' lang='grc' dir='ltr'><strong><em>τοῖς</em></strong></span> <span class='ocrx_word' id='word_1_10' title='bbox 1814 356 1973 402; x_wconf 86' lang='grc' dir='ltr'><strong><em>διακο-</em></strong></span> 
     </span>
     <span class='ocr_line' id='line_1_3' title="bbox 508 428 1974 495; baseline 0.001 -16"><span class='ocrx_word' id='word_1_11' title='bbox 508 435 632 488; x_wconf 87' lang='grc' dir='ltr'><strong><em>σίοις</em></strong></span> <span class='ocrx_word' id='word_1_12' title='bbox 662 428 735 492; x_wconf 76' lang='grc' dir='ltr'><strong><em>ἦν.</em></strong></span> <span class='ocrx_word' id='word_1_13' title='bbox 764 431 988 494; x_wconf 83' lang='grc' dir='ltr'><strong><em>Ῥωμαῖοι</em></strong></span> <span class='ocrx_word' id='word_1_14' title='bbox 1022 430 1076 480; x_wconf 73' lang='grc' dir='ltr'><strong><em>δὲ</em></strong></span> <span class='ocrx_word' id='word_1_15' title='bbox 1110 435 1338 493; x_wconf 78' lang='grc' dir='ltr'><strong><em>λαβόντες</em></strong></span> <span class='ocrx_word' id='word_1_16' title='bbox 1369 431 1573 495; x_wconf 84' lang='grc' dir='ltr'><strong><em>ἀμαχητὶ</em></strong></span> <span class='ocrx_word' id='word_1_17' title='bbox 1598 433 1688 493; x_wconf 88' lang='grc' dir='ltr'><strong><em>τὴν</em></strong></span> <span class='ocrx_word' id='word_1_18' title='bbox 1714 435 1864 480; x_wconf 89' lang='grc' dir='ltr'><strong><em>πόλιν</em></strong></span> <span class='ocrx_word' id='word_1_19' title='bbox 1896 450 1974 480; x_wconf 81' lang='grc' dir='ltr'><strong><em>κα·</em></strong></span> 
     </span>
     <span class='ocr_line' id='line_1_4' title="bbox 508 508 875 558; baseline 0.008 -3"><span class='ocrx_word' id='word_1_20' title='bbox 508 508 875 558; x_wconf 78' lang='grc' dir='ltr'><strong><em>τασκάπτουσιν.</em></strong></span> 
     </span>
    </p>

    <p class='ocr_par' dir='ltr' id='par_1_3' title="bbox 457 583 2035 1262">
     <span class='ocr_line' id='line_1_5' title="bbox 457 583 1971 651; baseline 0.001 -19"><span class='ocrx_word' id='word_1_21' title='bbox 457 606 482 641; x_wconf 84' lang='lat'>4</span> <span class='ocrx_word' id='word_1_22' title='bbox 605 586 764 648; x_wconf 83' lang='lat'>&lt;428&gt;</span> <span class='ocrx_word' id='word_1_23' title='bbox 789 585 938 648; x_wconf 85' lang='grc' dir='ltr'><strong><em>Ἰόπη</em></strong></span> <span class='ocrx_word' id='word_1_24' title='bbox 971 584 1060 649; x_wconf 76' lang='grc' dir='ltr'><strong><em>μὲν</em></strong></span> <span class='ocrx_word' id='word_1_25' title='bbox 1093 583 1185 635; x_wconf 83' lang='grc' dir='ltr'><strong><em>οὖν</em></strong></span> <span class='ocrx_word' id='word_1_26' title='bbox 1218 587 1372 644; x_wconf 78' lang='grc' dir='ltr'><strong><em>οὕτως</em></strong></span> <span class='ocrx_word' id='word_1_27' title='bbox 1405 587 1458 635; x_wconf 82' lang='grc' dir='ltr'><strong><em>ἐν</em></strong></span> <span class='ocrx_word' id='word_1_28' title='bbox 1491 587 1639 651; x_wconf 75' lang='grc' dir='ltr'><strong><em>ὀλίγῳ</em></strong></span> <span class='ocrx_word' id='word_1_29' title='bbox 1672 588 1834 650; x_wconf 77' lang='grc' dir='ltr'><strong><em>χρόνῳ</em></strong></span> <span class='ocrx_word' id='word_1_30' title='bbox 1869 587 1971 634; x_wconf 84' lang='grc' dir='ltr'><strong><em>δεύ-</em></strong></span> 
     </span>
     <span class='ocr_line' id='line_1_6' title="bbox 508 662 2035 727; baseline 0.002 -17"><span class='ocrx_word' id='word_1_31' title='bbox 508 680 648 726; x_wconf 87' lang='grc' dir='ltr'><strong><em>τερον</em></strong></span> <span class='ocrx_word' id='word_1_32' title='bbox 672 663 769 711; x_wconf 85' lang='grc' dir='ltr'><strong><em>ὑπὸ</em></strong></span> <span class='ocrx_word' id='word_1_33' title='bbox 797 662 1047 725; x_wconf 88' lang='grc' dir='ltr'><strong><em>Ῥωμαίοις</em></strong></span> <span class='ocrx_word' id='word_1_34' title='bbox 1074 662 1217 712; x_wconf 78' lang='grc' dir='ltr'><strong><em>ἑάλω·</em></strong></span> <span class='ocrx_word' id='word_1_35' title='bbox 1259 663 1419 727; x_wconf 84' lang='grc'>&lt;429&gt;</span> <span class='ocrx_word' id='word_1_36' title='bbox 1446 662 1787 721; x_wconf 76' lang='grc' dir='ltr'><strong><em>’δεσπασιανὸς</em></strong></span> <span class='ocrx_word' id='word_1_37' title='bbox 1813 662 1878 725; x_wconf 87' lang='grc' dir='ltr'><strong><em>δ’,</em></strong></span> <span class='ocrx_word' id='word_1_38' title='bbox 1912 663 1971 719; x_wconf 78' lang='grc' dir='ltr'><strong><em>ὡς</em></strong></span> <span class='ocrx_word' id='word_1_39' title='bbox 1996 681 2035 716; x_wconf 69' lang='grc' dir='ltr'><strong><em>ι,</em></strong></span> 
     </span>
     <span class='ocr_line' id='line_1_7' title="bbox 508 739 1969 804; baseline 0.001 -18"><span class='ocrx_word' id='word_1_40' title='bbox 508 741 571 802; x_wconf 87' lang='grc' dir='ltr'><strong><em>μὴ</em></strong></span> <span class='ocrx_word' id='word_1_41' title='bbox 604 741 752 787; x_wconf 82' lang='grc' dir='ltr'><strong><em>πάλιν</em></strong></span> <span class='ocrx_word' id='word_1_42' title='bbox 789 741 842 787; x_wconf 75' lang='grc' dir='ltr'><strong><em>οἱ</em></strong></span> <span class='ocrx_word' id='word_1_43' title='bbox 875 739 1095 804; x_wconf 84' lang='grc' dir='ltr'><strong><em>πειραταὶ</em></strong></span> <span class='ocrx_word' id='word_1_44' title='bbox 1135 744 1480 789; x_wconf 73' lang='grc' dir='ltr'><strong><em>συναλισθεῖεν</em></strong></span> <span class='ocrx_word' id='word_1_45' title='bbox 1518 743 1587 797; x_wconf 78' lang='grc' dir='ltr'><strong><em>εἰς</em></strong></span> <span class='ocrx_word' id='word_1_46' title='bbox 1625 740 1803 802; x_wconf 79' lang='grc' dir='ltr'><strong><em>αὐτήν,</em></strong></span> <span class='ocrx_word' id='word_1_47' title='bbox 1836 752 1969 803; x_wconf 86' lang='grc' dir='ltr'><strong><em>στρα-</em></strong></span> 
     </span>
     <span class='ocr_line' id='line_1_8' title="bbox 506 815 1969 881; baseline 0 -17"><span class='ocrx_word' id='word_1_48' title='bbox 506 818 711 864; x_wconf 88' lang='grc' dir='ltr'><strong><em>τόπεδόν</em></strong></span> <span class='ocrx_word' id='word_1_49' title='bbox 756 815 795 864; x_wconf 87' lang='grc' dir='ltr'><strong><em>τ’</em></strong></span> <span class='ocrx_word' id='word_1_50' title='bbox 851 815 929 864; x_wconf 85' lang='grc' dir='ltr'><strong><em>ἐπὶ</em></strong></span> <span class='ocrx_word' id='word_1_51' title='bbox 973 824 1058 879; x_wconf 80' lang='grc' dir='ltr'><strong><em>τῆς</em></strong></span> <span class='ocrx_word' id='word_1_52' title='bbox 1102 817 1405 881; x_wconf 79' lang='grc' dir='ltr'><strong><em>ἀκροπόλεως</em></strong></span> <span class='ocrx_word' id='word_1_53' title='bbox 1448 818 1644 881; x_wconf 79' lang='grc' dir='ltr'><strong><em>ἐγείρει,</em></strong></span> <span class='ocrx_word' id='word_1_54' title='bbox 1694 818 1857 879; x_wconf 82' lang='grc'>&lt;430&gt;</span> <span class='ocrx_word' id='word_1_55' title='bbox 1896 817 1969 866; x_wconf 85' lang='grc' dir='ltr'><strong><em>καὶ</em></strong></span> 
     </span>
     <span class='ocr_line' id='line_1_9' title="bbox 506 893 1971 959; baseline 0.001 -19"><span class='ocrx_word' id='word_1_56' title='bbox 506 895 561 941; x_wconf 87' lang='grc' dir='ltr'><strong><em>τὸ</em></strong></span> <span class='ocrx_word' id='word_1_57' title='bbox 607 894 803 941; x_wconf 75' lang='grc' dir='ltr'><strong><em>ἱππικὸν</em></strong></span> <span class='ocrx_word' id='word_1_58' title='bbox 850 893 904 942; x_wconf 88' lang='grc' dir='ltr'><strong><em>ἐν</em></strong></span> <span class='ocrx_word' id='word_1_59' title='bbox 949 895 1078 959; x_wconf 78' lang='grc' dir='ltr'><strong><em>αὐτῷ</em></strong></span> <span class='ocrx_word' id='word_1_60' title='bbox 1116 897 1388 944; x_wconf 75' lang='grc' dir='ltr'><strong><em>καταλείπει</em></strong></span> <span class='ocrx_word' id='word_1_61' title='bbox 1429 895 1547 958; x_wconf 79' lang='grc' dir='ltr'><strong><em>μετὰ</em></strong></span> <span class='ocrx_word' id='word_1_62' title='bbox 1586 897 1743 953; x_wconf 77' lang='grc' dir='ltr'><strong><em>πεζῶν</em></strong></span> <span class='ocrx_word' id='word_1_63' title='bbox 1783 895 1971 955; x_wconf 83' lang='grc' dir='ltr'><strong><em>ὀλίγων,</em></strong></span> 
     </span>
     <span class='ocr_line' id='line_1_10' title="bbox 508 966 1972 1034; baseline 0.001 -17"><span class='ocrx_word' id='word_1_64' title='bbox 508 969 568 1017; x_wconf 80' lang='grc' dir='ltr'><strong><em>’ἵν’</em></strong></span> <span class='ocrx_word' id='word_1_65' title='bbox 622 966 758 1017; x_wconf 86' lang='grc' dir='ltr'><strong><em>οὗτοι</em></strong></span> <span class='ocrx_word' id='word_1_66' title='bbox 810 968 899 1032; x_wconf 72' lang='grc' dir='ltr'><strong><em>μὲν</em></strong></span> <span class='ocrx_word' id='word_1_67' title='bbox 948 972 1069 1019; x_wconf 80' lang='grc' dir='ltr'><strong><em>κατὰ</em></strong></span> <span class='ocrx_word' id='word_1_68' title='bbox 1120 972 1283 1033; x_wconf 80' lang='grc' dir='ltr'><strong><em>χώραν</em></strong></span> <span class='ocrx_word' id='word_1_69' title='bbox 1334 970 1559 1034; x_wconf 81' lang='grc' dir='ltr'><strong><em>μένοντες</em></strong></span> <span class='ocrx_word' id='word_1_70' title='bbox 1611 980 1871 1034; x_wconf 73' lang='grc' dir='ltr'><strong><em>φρουρῶσι</em></strong></span> <span class='ocrx_word' id='word_1_71' title='bbox 1922 972 1972 1018; x_wconf 89' lang='grc' dir='ltr'><strong><em>τὸ</em></strong></span> 
     </span>
     <span class='ocr_line' id='line_1_11' title="bbox 508 1047 2022 1111; baseline 0.002 -16"><span class='ocrx_word' id='word_1_72' title='bbox 508 1048 856 1109; x_wconf 86' lang='grc' dir='ltr'><strong><em>στρατόπεδον,</em></strong></span> <span class='ocrx_word' id='word_1_73' title='bbox 909 1049 962 1095; x_wconf 79' lang='grc' dir='ltr'><strong><em>οἱ</em></strong></span> <span class='ocrx_word' id='word_1_74' title='bbox 1003 1048 1046 1095; x_wconf 75' lang='grc' dir='ltr'><strong><em>δ’</em></strong></span> <span class='ocrx_word' id='word_1_75' title='bbox 1100 1049 1259 1105; x_wconf 73' lang='grc' dir='ltr'><strong><em>ἱππεῖς</em></strong></span> <span class='ocrx_word' id='word_1_76' title='bbox 1303 1049 1639 1111; x_wconf 72' lang='grc' dir='ltr'><strong><em>προνομεύωσι</em></strong></span> <span class='ocrx_word' id='word_1_77' title='bbox 1683 1049 1777 1110; x_wconf 81' lang='grc' dir='ltr'><strong><em>τὴν</em></strong></span> <span class='ocrx_word' id='word_1_78' title='bbox 1821 1047 1973 1111; x_wconf 79' lang='grc' dir='ltr'><strong><em>πέριξ,</em></strong></span> <span class='ocrx_word' id='word_1_79' title='bbox 1992 1069 2022 1098; x_wconf 83' lang='grc' dir='ltr'><strong><em>ιο</em></strong></span> 
     </span>
     <span class='ocr_line' id='line_1_12' title="bbox 507 1123 1972 1188; baseline 0.001 -17"><span class='ocrx_word' id='word_1_80' title='bbox 507 1123 586 1171; x_wconf 89' lang='grc' dir='ltr'><strong><em>καὶ</em></strong></span> <span class='ocrx_word' id='word_1_81' title='bbox 625 1124 710 1180; x_wconf 77' lang='grc' dir='ltr'><strong><em>τὰς</em></strong></span> <span class='ocrx_word' id='word_1_82' title='bbox 755 1126 1030 1186; x_wconf 74' lang='grc' dir='ltr'><strong><em>περιοίκους</em></strong></span> <span class='ocrx_word' id='word_1_83' title='bbox 1070 1125 1233 1186; x_wconf 83' lang='grc' dir='ltr'><strong><em>κώμας</em></strong></span> <span class='ocrx_word' id='word_1_84' title='bbox 1251 1124 1322 1172; x_wconf 73' lang='grc' dir='ltr'><strong><em>’τε</em></strong></span> <span class='ocrx_word' id='word_1_85' title='bbox 1358 1123 1439 1173; x_wconf 83' lang='grc' dir='ltr'><strong><em>καὶ</em></strong></span> <span class='ocrx_word' id='word_1_86' title='bbox 1478 1128 1709 1186; x_wconf 78' lang='grc' dir='ltr'><strong><em>πολίχνας</em></strong></span> <span class='ocrx_word' id='word_1_87' title='bbox 1753 1124 1972 1188; x_wconf 81' lang='grc' dir='ltr'><strong><em>ἐξαιρῶσι</em></strong></span> 
     </span>
     <span class='ocr_line' id='line_1_13' title="bbox 507 1200 791 1262; baseline 0 -13"><span class='ocrx_word' id='word_1_88' title='bbox 507 1208 590 1262; x_wconf 86' lang='grc' dir='ltr'><strong><em>τῆς</em></strong></span> <span class='ocrx_word' id='word_1_89' title='bbox 615 1200 791 1262; x_wconf 80' lang='grc' dir='ltr'><em>Ἰόπης.</em></span> 
     </span>
    </p>

    <p class='ocr_par' dir='ltr' id='par_1_4' title="bbox 457 1274 2026 2724">
     <span class='ocr_line' id='line_1_14' title="bbox 457 1274 1974 1341; baseline 0 -17"><span class='ocrx_word' id='word_1_90' title='bbox 457 1297 480 1331; x_wconf 82' lang='lat'>5</span> <span class='ocrx_word' id='word_1_91' title='bbox 605 1279 764 1339; x_wconf 80' lang='lat'><strong>(431)</strong></span> <span class='ocrx_word' id='word_1_92' title='bbox 798 1279 849 1326; x_wconf 83' lang='grc' dir='ltr'><strong><em>οἳ</em></strong></span> <span class='ocrx_word' id='word_1_93' title='bbox 877 1275 964 1339; x_wconf 73' lang='grc' dir='ltr'><strong><em>μὲν</em></strong></span> <span class='ocrx_word' id='word_1_94' title='bbox 998 1274 1089 1325; x_wconf 86' lang='grc' dir='ltr'><strong><em>οὖν</em></strong></span> <span class='ocrx_word' id='word_1_95' title='bbox 1121 1278 1241 1326; x_wconf 76' lang='grc' dir='ltr'><strong><em>κατὰ</em></strong></span> <span class='ocrx_word' id='word_1_96' title='bbox 1272 1279 1331 1326; x_wconf 80' lang='grc' dir='ltr'><strong><em>τὰ</em></strong></span> <span class='ocrx_word' id='word_1_97' title='bbox 1363 1276 1732 1341; x_wconf 74' lang='grc' dir='ltr'><strong><em>προσταχθέντα</em></strong></span> <span class='ocrx_word' id='word_1_98' title='bbox 1761 1278 1855 1338; x_wconf 85' lang='grc' dir='ltr'><strong><em>τὴν</em></strong></span> <span class='ocrx_word' id='word_1_99' title='bbox 1887 1276 1974 1339; x_wconf 80' lang='grc' dir='ltr'><strong><em>χώ-</em></strong></span> 
     </span>
     <span class='ocr_line' id='line_1_15' title="bbox 508 1352 1974 1418; baseline -0.001 -16"><span class='ocrx_word' id='word_1_100' title='bbox 508 1374 599 1418; x_wconf 88' lang='grc' dir='ltr'><strong><em>ραν</em></strong></span> <span class='ocrx_word' id='word_1_101' title='bbox 636 1353 1003 1417; x_wconf 86' lang='grc' dir='ltr'><strong><em>κατατρέχοντες</em></strong></span> <span class='ocrx_word' id='word_1_102' title='bbox 1038 1354 1153 1402; x_wconf 84' lang='grc' dir='ltr'><strong><em>καθ’</em></strong></span> <span class='ocrx_word' id='word_1_103' title='bbox 1196 1354 1379 1418; x_wconf 80' lang='grc' dir='ltr'><strong><em>ἡμέραν</em></strong></span> <span class='ocrx_word' id='word_1_104' title='bbox 1418 1357 1617 1417; x_wconf 80' lang='grc' dir='ltr'><strong><em>ἔτεμνόν</em></strong></span> <span class='ocrx_word' id='word_1_105' title='bbox 1655 1371 1707 1402; x_wconf 90' lang='grc' dir='ltr'><strong><em>τε</em></strong></span> <span class='ocrx_word' id='word_1_106' title='bbox 1745 1352 1829 1402; x_wconf 82' lang='grc' dir='ltr'><strong><em>καὶ</em></strong></span> <span class='ocrx_word' id='word_1_107' title='bbox 1864 1354 1974 1417; x_wconf 79' lang='grc' dir='ltr'><strong><em>ἠρή-</em></strong></span> 
     </span>
     <span class='ocr_line' id='line_1_16' title="bbox 506 1429 2022 1493; baseline 0.001 -14"><span class='ocrx_word' id='word_1_108' title='bbox 506 1449 633 1492; x_wconf 87' lang='grc' dir='ltr'><strong><em>μουν</em></strong></span> <span class='ocrx_word' id='word_1_109' title='bbox 672 1432 874 1477; x_wconf 79' lang='grc' dir='ltr'><strong><em>ἅπασαν.</em></strong></span> <span class='ocrx_word' id='word_1_110' title='bbox 937 1429 1098 1493; x_wconf 82' lang='grc'>&lt;432&gt;</span> <span class='ocrx_word' id='word_1_111' title='bbox 1137 1432 1203 1488; x_wconf 84' lang='grc' dir='ltr'><strong><em>ὡς</em></strong></span> <span class='ocrx_word' id='word_1_112' title='bbox 1241 1430 1288 1479; x_wconf 84' lang='grc' dir='ltr'><strong><em>δ’</em></strong></span> <span class='ocrx_word' id='word_1_113' title='bbox 1325 1433 1395 1488; x_wconf 80' lang='grc' dir='ltr'><strong><em>εἰς</em></strong></span> <span class='ocrx_word' id='word_1_114' title='bbox 1419 1429 1736 1493; x_wconf 84' lang='grc' dir='ltr'><strong><em>Ἱεροσόλυμα</em></strong></span> <span class='ocrx_word' id='word_1_115' title='bbox 1766 1431 1824 1479; x_wconf 90' lang='grc' dir='ltr'><strong><em>τὸ</em></strong></span> <span class='ocrx_word' id='word_1_116' title='bbox 1858 1431 1972 1478; x_wconf 80' lang='grc' dir='ltr'><strong><em>κατὰ</em></strong></span> <span class='ocrx_word' id='word_1_117' title='bbox 1990 1450 2022 1481; x_wconf 77' lang='lat'><strong><em>1⁵</em></strong></span> 
     </span>
     <span class='ocr_line' id='line_1_17' title="bbox 506 1505 1972 1571; baseline 0.001 -17"><span class='ocrx_word' id='word_1_118' title='bbox 506 1508 595 1568; x_wconf 85' lang='grc' dir='ltr'><strong><em>τὴν</em></strong></span> <span class='ocrx_word' id='word_1_119' title='bbox 619 1506 917 1568; x_wconf 73' lang='grc' dir='ltr'><strong><em>Ἰωταπάτην</em></strong></span> <span class='ocrx_word' id='word_1_120' title='bbox 955 1507 1114 1565; x_wconf 79' lang='grc' dir='ltr'><strong><em>πάθος</em></strong></span> <span class='ocrx_word' id='word_1_121' title='bbox 1152 1507 1389 1570; x_wconf 79' lang='grc' dir='ltr'><strong><em>ἠγγέλθη,</em></strong></span> <span class='ocrx_word' id='word_1_122' title='bbox 1430 1508 1485 1557; x_wconf 91' lang='grc' dir='ltr'><strong><em>τὸ</em></strong></span> <span class='ocrx_word' id='word_1_123' title='bbox 1517 1505 1607 1570; x_wconf 74' lang='grc' dir='ltr'><strong><em>μὲν</em></strong></span> <span class='ocrx_word' id='word_1_124' title='bbox 1638 1515 1837 1571; x_wconf 79' lang='grc' dir='ltr'><strong><em>πρῶτον</em></strong></span> <span class='ocrx_word' id='word_1_125' title='bbox 1869 1508 1972 1568; x_wconf 83' lang='grc' dir='ltr'><strong><em>ἠπί-</em></strong></span> 
     </span>
     <span class='ocr_line' id='line_1_18' title="bbox 507 1583 1971 1647; baseline 0 -15"><span class='ocrx_word' id='word_1_126' title='bbox 507 1596 657 1632; x_wconf 89' lang='grc' dir='ltr'><strong><em>στουν</em></strong></span> <span class='ocrx_word' id='word_1_127' title='bbox 703 1584 754 1632; x_wconf 82' lang='grc' dir='ltr'><strong><em>οἰ</em></strong></span> <span class='ocrx_word' id='word_1_128' title='bbox 794 1583 965 1633; x_wconf 85' lang='grc' dir='ltr'><strong><em>πολλοὶ</em></strong></span> <span class='ocrx_word' id='word_1_129' title='bbox 1009 1583 1090 1633; x_wconf 83' lang='grc' dir='ltr'><strong><em>καὶ</em></strong></span> <span class='ocrx_word' id='word_1_130' title='bbox 1136 1585 1218 1633; x_wconf 78' lang='grc' dir='ltr'><strong><em>διὰ</em></strong></span> <span class='ocrx_word' id='word_1_131' title='bbox 1255 1586 1310 1634; x_wconf 90' lang='grc' dir='ltr'><strong><em>τὸ</em></strong></span> <span class='ocrx_word' id='word_1_132' title='bbox 1350 1583 1554 1647; x_wconf 80' lang='grc' dir='ltr'><strong><em>μέγεθος</em></strong></span> <span class='ocrx_word' id='word_1_133' title='bbox 1594 1590 1678 1646; x_wconf 84' lang='grc' dir='ltr'><strong><em>τῆς</em></strong></span> <span class='ocrx_word' id='word_1_134' title='bbox 1721 1593 1971 1647; x_wconf 82' lang='grc' dir='ltr'><strong><em>συμφορᾶς</em></strong></span> 
     </span>
     <span class='ocr_line' id='line_1_19' title="bbox 506 1660 1970 1724; baseline 0.001 -16"><span class='ocrx_word' id='word_1_135' title='bbox 506 1661 587 1709; x_wconf 83' lang='grc' dir='ltr'><strong><em>καὶ</em></strong></span> <span class='ocrx_word' id='word_1_136' title='bbox 621 1663 701 1709; x_wconf 77' lang='grc' dir='ltr'><strong><em>διὰ</em></strong></span> <span class='ocrx_word' id='word_1_137' title='bbox 733 1661 788 1709; x_wconf 84' lang='grc' dir='ltr'><strong><em>τὸ</em></strong></span> <span class='ocrx_word' id='word_1_138' title='bbox 820 1660 1003 1723; x_wconf 87' lang='grc' dir='ltr'><strong><em>μηδένα</em></strong></span> <span class='ocrx_word' id='word_1_139' title='bbox 1034 1669 1133 1710; x_wconf 81' lang='grc' dir='ltr'><strong><em>τῶν</em></strong></span> <span class='ocrx_word' id='word_1_140' title='bbox 1165 1661 1438 1724; x_wconf 82' lang='grc' dir='ltr'><strong><em>λεγομένων</em></strong></span> <span class='ocrx_word' id='word_1_141' title='bbox 1474 1661 1718 1723; x_wconf 81' lang='grc' dir='ltr'><strong><em>αὐτόπτην</em></strong></span> <span class='ocrx_word' id='word_1_142' title='bbox 1750 1669 1970 1724; x_wconf 78' lang='grc' dir='ltr'><strong><em>παρεῖναι</em></strong></span> 
     </span>
     <span class='ocr_line' id='line_1_20' title="bbox 508 1737 1969 1802; baseline 0.001 -16"><span class='ocrx_word' id='word_1_143' title='bbox 508 1739 666 1800; x_wconf 86' lang='lat'>&lt;433&gt;</span> <span class='ocrx_word' id='word_1_144' title='bbox 712 1737 946 1802; x_wconf 72' lang='grc' dir='ltr'><strong><em>(διεσώθη</em></strong></span> <span class='ocrx_word' id='word_1_145' title='bbox 999 1739 1091 1800; x_wconf 81' lang='grc' dir='ltr'><strong><em>γὰρ</em></strong></span> <span class='ocrx_word' id='word_1_146' title='bbox 1145 1738 1247 1788; x_wconf 81' lang='grc' dir='ltr'><strong><em>οὐδ’</em></strong></span> <span class='ocrx_word' id='word_1_147' title='bbox 1300 1741 1522 1801; x_wconf 80' lang='grc' dir='ltr'><strong><em>ἅγγελος,</em></strong></span> <span class='ocrx_word' id='word_1_148' title='bbox 1573 1737 1679 1787; x_wconf 82' lang='grc' dir='ltr'><strong><em>ἀλλ’</em></strong></span> <span class='ocrx_word' id='word_1_149' title='bbox 1732 1738 1969 1801; x_wconf 77' lang='grc' dir='ltr'><strong><em>αὐτομάτη</em></strong></span> 
     </span>
     <span class='ocr_line' id='line_1_21' title="bbox 508 1816 2021 1879; baseline 0.002 -16"><span class='ocrx_word' id='word_1_150' title='bbox 508 1817 784 1879; x_wconf 84' lang='grc' dir='ltr'><strong><em>διεκήρυττε</em></strong></span> <span class='ocrx_word' id='word_1_151' title='bbox 823 1817 956 1877; x_wconf 84' lang='grc' dir='ltr'><strong><em>φήμη</em></strong></span> <span class='ocrx_word' id='word_1_152' title='bbox 994 1816 1084 1876; x_wconf 88' lang='grc' dir='ltr'><strong><em>τὴν</em></strong></span> <span class='ocrx_word' id='word_1_153' title='bbox 1116 1816 1321 1877; x_wconf 76' lang='grc' dir='ltr'><strong><em>ἅλωσιν,</em></strong></span> <span class='ocrx_word' id='word_1_154' title='bbox 1363 1817 1517 1864; x_wconf 76' lang='grc' dir='ltr'><strong><em>οἰκεία</em></strong></span> <span class='ocrx_word' id='word_1_155' title='bbox 1547 1816 1694 1877; x_wconf 79' lang='grc' dir='ltr'><strong><em>φύσει</em></strong></span> <span class='ocrx_word' id='word_1_156' title='bbox 1727 1823 1830 1864; x_wconf 80' lang='grc' dir='ltr'><strong><em>τῶν</em></strong></span> <span class='ocrx_word' id='word_1_157' title='bbox 1864 1828 1972 1864; x_wconf 83' lang='grc' dir='ltr'><strong><em>σκυ-</em></strong></span> <span class='ocrx_word' id='word_1_158' title='bbox 1988 1834 2021 1866; x_wconf 69' lang='grc' dir='ltr'><strong><em>ιο</em></strong></span> 
     </span>
     <span class='ocr_line' id='line_1_22' title="bbox 506 1889 1972 1957; baseline 0 -17"><span class='ocrx_word' id='word_1_159' title='bbox 506 1891 872 1957; x_wconf 83' lang='grc' dir='ltr'><strong><em>θρωποτέρων)·</em></strong></span> <span class='ocrx_word' id='word_1_160' title='bbox 918 1892 1078 1954; x_wconf 87' lang='lat'>&lt;434&gt;</span> <span class='ocrx_word' id='word_1_161' title='bbox 1109 1891 1208 1941; x_wconf 83' lang='grc' dir='ltr'><strong><em>κατ’</em></strong></span> <span class='ocrx_word' id='word_1_162' title='bbox 1242 1892 1411 1954; x_wconf 67' lang='grc' dir='ltr'><strong><em>ὀλίγον</em></strong></span> <span class='ocrx_word' id='word_1_163' title='bbox 1437 1889 1492 1940; x_wconf 71' lang='grc' dir='ltr'><strong><em>δὲ</em></strong></span> <span class='ocrx_word' id='word_1_164' title='bbox 1517 1893 1600 1940; x_wconf 83' lang='grc' dir='ltr'><strong><em>διὰ</em></strong></span> <span class='ocrx_word' id='word_1_165' title='bbox 1624 1899 1724 1940; x_wconf 80' lang='grc' dir='ltr'><strong><em>τῶν</em></strong></span> <span class='ocrx_word' id='word_1_166' title='bbox 1756 1894 1972 1955; x_wconf 78' lang='grc' dir='ltr'><strong><em>προσχώ-</em></strong></span> 
     </span>
     <span class='ocr_line' id='line_1_23' title="bbox 509 1967 1974 2033; baseline 0 -16"><span class='ocrx_word' id='word_1_167' title='bbox 509 1988 609 2032; x_wconf 86' lang='grc' dir='ltr'><strong><em>ρων</em></strong></span> <span class='ocrx_word' id='word_1_168' title='bbox 654 1970 804 2017; x_wconf 78' lang='grc' dir='ltr'><strong><em>ὥδευε</em></strong></span> <span class='ocrx_word' id='word_1_169' title='bbox 841 1969 1074 2032; x_wconf 80' lang='grc' dir='ltr'><strong><em>τάληθές,</em></strong></span> <span class='ocrx_word' id='word_1_170' title='bbox 1111 1969 1192 2018; x_wconf 83' lang='grc' dir='ltr'><strong><em>καὶ</em></strong></span> <span class='ocrx_word' id='word_1_171' title='bbox 1230 1970 1360 2033; x_wconf 77' lang='grc' dir='ltr'><strong><em>παρὰ</em></strong></span> <span class='ocrx_word' id='word_1_172' title='bbox 1398 1979 1547 2018; x_wconf 72' lang='grc' dir='ltr'><strong><em>πᾶσιν</em></strong></span> <span class='ocrx_word' id='word_1_173' title='bbox 1586 1968 1886 2032; x_wconf 79' lang='grc' dir='ltr'><strong><em>ἀμφιβολίας</em></strong></span> <span class='ocrx_word' id='word_1_174' title='bbox 1916 1967 1974 2030; x_wconf 83' lang='grc' dir='ltr'><strong><em>ἦν</em></strong></span> 
     </span>
     <span class='ocr_line' id='line_1_24' title="bbox 506 2045 1974 2110; baseline 0.001 -17"><span class='ocrx_word' id='word_1_175' title='bbox 506 2047 599 2107; x_wconf 77' lang='grc' dir='ltr'><strong><em>ἤδη</em></strong></span> <span class='ocrx_word' id='word_1_176' title='bbox 648 2049 968 2110; x_wconf 83' lang='grc' dir='ltr'><strong><em>βεβαιότερον.</em></strong></span> <span class='ocrx_word' id='word_1_177' title='bbox 1042 2045 1459 2109; x_wconf 73' lang='grc' dir='ltr'><strong><em>προσεσχεδιάζετό</em></strong></span> <span class='ocrx_word' id='word_1_178' title='bbox 1505 2063 1561 2108; x_wconf 84' lang='grc' dir='ltr'><strong><em>γε</em></strong></span> <span class='ocrx_word' id='word_1_179' title='bbox 1604 2048 1702 2110; x_wconf 84' lang='grc' dir='ltr'><strong><em>μὴν</em></strong></span> <span class='ocrx_word' id='word_1_180' title='bbox 1747 2055 1853 2104; x_wconf 80' lang='grc' dir='ltr'><strong><em>τοῖς</em></strong></span> <span class='ocrx_word' id='word_1_181' title='bbox 1898 2063 1974 2095; x_wconf 77' lang='grc' dir='ltr'><strong><em>πε-</em></strong></span> 
     </span>
     <span class='ocr_line' id='line_1_25' title="bbox 508 2121 1975 2188; baseline 0.002 -19"><span class='ocrx_word' id='word_1_182' title='bbox 508 2121 800 2184; x_wconf 87' lang='grc' dir='ltr'><strong><em>πραγμένοις</em></strong></span> <span class='ocrx_word' id='word_1_183' title='bbox 831 2123 911 2171; x_wconf 87' lang='grc' dir='ltr'><strong><em>καὶ</em></strong></span> <span class='ocrx_word' id='word_1_184' title='bbox 943 2124 1003 2171; x_wconf 78' lang='grc' dir='ltr'><strong><em>τὰ</em></strong></span> <span class='ocrx_word' id='word_1_185' title='bbox 1034 2125 1099 2185; x_wconf 83' lang='grc' dir='ltr'><strong><em>μὴ</em></strong></span> <span class='ocrx_word' id='word_1_186' title='bbox 1130 2125 1379 2186; x_wconf 85' lang='grc' dir='ltr'><strong><em>γενόμενα.</em></strong></span> <span class='ocrx_word' id='word_1_187' title='bbox 1429 2122 1641 2180; x_wconf 82' lang='grc' dir='ltr'><strong><em>τεθνεὼς</em></strong></span> <span class='ocrx_word' id='word_1_188' title='bbox 1665 2125 1760 2188; x_wconf 75' lang='grc' dir='ltr'><strong><em>γὰρ</em></strong></span> <span class='ocrx_word' id='word_1_189' title='bbox 1788 2123 1869 2173; x_wconf 76' lang='grc' dir='ltr'><strong><em>ἐπὶ</em></strong></span> <span class='ocrx_word' id='word_1_190' title='bbox 1895 2131 1975 2185; x_wconf 82' lang='grc' dir='ltr'><strong><em>τῆς</em></strong></span> 
     </span>
     <span class='ocr_line' id='line_1_26' title="bbox 508 2198 2025 2262; baseline 0.001 -16"><span class='ocrx_word' id='word_1_191' title='bbox 508 2198 730 2255; x_wconf 79' lang='grc' dir='ltr'><strong><em>ἁλώσεως</em></strong></span> <span class='ocrx_word' id='word_1_192' title='bbox 760 2198 841 2246; x_wconf 84' lang='grc' dir='ltr'><strong><em>καὶ</em></strong></span> <span class='ocrx_word' id='word_1_193' title='bbox 866 2198 1104 2261; x_wconf 83' lang='grc' dir='ltr'><strong><em>Ἰώσηπος</em></strong></span> <span class='ocrx_word' id='word_1_194' title='bbox 1134 2198 1403 2261; x_wconf 80' lang='grc' dir='ltr'><strong><em>ἠγγέλλετο.</em></strong></span> <span class='ocrx_word' id='word_1_195' title='bbox 1454 2206 1600 2248; x_wconf 87' lang='grc' dir='ltr'><strong><em>τοῦτο</em></strong></span> <span class='ocrx_word' id='word_1_196' title='bbox 1626 2203 1861 2262; x_wconf 86' lang='grc' dir='ltr'><strong><em>μεγίστου</em></strong></span> <span class='ocrx_word' id='word_1_197' title='bbox 1888 2200 1974 2248; x_wconf 86' lang='grc' dir='ltr'><strong><em>Ἵε-</em></strong></span> <span class='ocrx_word' id='word_1_198' title='bbox 1991 2218 2025 2249; x_wconf 72' lang='grc' dir='ltr'><strong><em>ιε</em></strong></span> 
     </span>
     <span class='ocr_line' id='line_1_27' title="bbox 510 2273 1975 2339; baseline 0.001 -16"><span class='ocrx_word' id='word_1_199' title='bbox 510 2278 754 2338; x_wconf 88' lang='grc' dir='ltr'><strong><em>ροσόλυμα</em></strong></span> <span class='ocrx_word' id='word_1_200' title='bbox 786 2273 1002 2333; x_wconf 79' lang='grc' dir='ltr'><strong><em>πένθους</em></strong></span> <span class='ocrx_word' id='word_1_201' title='bbox 1041 2276 1304 2339; x_wconf 80' lang='grc' dir='ltr'><strong><em>ἐπλήρωσε·</em></strong></span> <span class='ocrx_word' id='word_1_202' title='bbox 1355 2276 1514 2338; x_wconf 82' lang='lat'>&lt;435&gt;</span> <span class='ocrx_word' id='word_1_203' title='bbox 1545 2277 1665 2325; x_wconf 80' lang='grc' dir='ltr'><strong><em>κατὰ</em></strong></span> <span class='ocrx_word' id='word_1_204' title='bbox 1697 2276 1788 2339; x_wconf 86' lang='grc' dir='ltr'><strong><em>μέν</em></strong></span> <span class='ocrx_word' id='word_1_205' title='bbox 1823 2277 1871 2339; x_wconf 89' lang='grc' dir='ltr'><strong><em>γ’</em></strong></span> <span class='ocrx_word' id='word_1_206' title='bbox 1909 2282 1975 2326; x_wconf 76' lang='grc' dir='ltr'><strong><em>οῖ’-</em></strong></span> 
     </span>
     <span class='ocr_line' id='line_1_28' title="bbox 508 2349 1976 2416; baseline 0 -14"><span class='ocrx_word' id='word_1_207' title='bbox 508 2370 625 2409; x_wconf 87' lang='grc' dir='ltr'><strong><em>κους</em></strong></span> <span class='ocrx_word' id='word_1_208' title='bbox 668 2351 748 2401; x_wconf 88' lang='grc' dir='ltr'><strong><em>καὶ</em></strong></span> <span class='ocrx_word' id='word_1_209' title='bbox 794 2354 913 2402; x_wconf 83' lang='grc' dir='ltr'><strong><em>κατὰ</em></strong></span> <span class='ocrx_word' id='word_1_210' title='bbox 952 2357 1231 2415; x_wconf 85' lang='grc' dir='ltr'><strong><em>συγγενείας</em></strong></span> <span class='ocrx_word' id='word_1_211' title='bbox 1269 2349 1344 2411; x_wconf 79' lang='grc' dir='ltr'><strong><em>οἷς</em></strong></span> <span class='ocrx_word' id='word_1_212' title='bbox 1381 2355 1639 2416; x_wconf 81' lang='grc' dir='ltr'><strong><em>προσήκων</em></strong></span> <span class='ocrx_word' id='word_1_213' title='bbox 1677 2351 1740 2415; x_wconf 82' lang='grc' dir='ltr'><strong><em>ἦν</em></strong></span> <span class='ocrx_word' id='word_1_214' title='bbox 1778 2354 1976 2410; x_wconf 80' lang='grc' dir='ltr'><strong><em>ἕκαστος</em></strong></span> 
     </span>
     <span class='ocr_line' id='line_1_29' title="bbox 508 2429 1975 2497; baseline 0.002 -20"><span class='ocrx_word' id='word_1_215' title='bbox 508 2438 607 2478; x_wconf 80' lang='grc' dir='ltr'><strong><em>τῶν</em></strong></span> <span class='ocrx_word' id='word_1_216' title='bbox 640 2429 957 2479; x_wconf 84' lang='grc' dir='ltr'><strong><em>ἀπολωλότων</em></strong></span> <span class='ocrx_word' id='word_1_217' title='bbox 983 2429 1251 2493; x_wconf 73' lang='grc' dir='ltr'><strong><em>ἐθρηνεῖτο,</em></strong></span> <span class='ocrx_word' id='word_1_218' title='bbox 1284 2430 1442 2492; x_wconf 84' lang='grc'>&lt;436&gt;</span> <span class='ocrx_word' id='word_1_219' title='bbox 1467 2431 1522 2478; x_wconf 89' lang='grc' dir='ltr'><strong><em>τὸ</em></strong></span> <span class='ocrx_word' id='word_1_220' title='bbox 1550 2429 1595 2478; x_wconf 87' lang='grc' dir='ltr'><strong><em>δ’</em></strong></span> <span class='ocrx_word' id='word_1_221' title='bbox 1634 2429 1715 2480; x_wconf 69' lang='grc' dir='ltr'><strong><em>ἐπὶ</em></strong></span> <span class='ocrx_word' id='word_1_222' title='bbox 1741 2438 1808 2497; x_wconf 78' lang='grc' dir='ltr'><strong><em>τῷ</em></strong></span> <span class='ocrx_word' id='word_1_223' title='bbox 1838 2445 1975 2495; x_wconf 85' lang='grc' dir='ltr'><strong><em>στρα-</em></strong></span> 
     </span>
     <span class='ocr_line' id='line_1_30' title="bbox 508 2505 1975 2571; baseline 0.001 -17"><span class='ocrx_word' id='word_1_224' title='bbox 508 2513 637 2571; x_wconf 77' lang='grc' dir='ltr'><strong><em>τηγῷ</em></strong></span> <span class='ocrx_word' id='word_1_225' title='bbox 677 2506 860 2563; x_wconf 78' lang='grc' dir='ltr'><strong><em>πένθος</em></strong></span> <span class='ocrx_word' id='word_1_226' title='bbox 899 2506 1241 2569; x_wconf 81' lang='grc' dir='ltr'><strong><em>ἐδημοσιεύθή·</em></strong></span> <span class='ocrx_word' id='word_1_227' title='bbox 1292 2507 1373 2556; x_wconf 83' lang='grc' dir='ltr'><strong><em>καὶ</em></strong></span> <span class='ocrx_word' id='word_1_228' title='bbox 1412 2509 1465 2556; x_wconf 80' lang='grc' dir='ltr'><strong><em>οἳ</em></strong></span> <span class='ocrx_word' id='word_1_229' title='bbox 1499 2505 1588 2569; x_wconf 76' lang='grc' dir='ltr'><strong><em>μὲν</em></strong></span> <span class='ocrx_word' id='word_1_230' title='bbox 1628 2507 1797 2565; x_wconf 79' lang='grc' dir='ltr'><strong><em>ξένους</em></strong></span> <span class='ocrx_word' id='word_1_231' title='bbox 1838 2512 1889 2558; x_wconf 82' lang='grc' dir='ltr'><strong><em>οἳ</em></strong></span> <span class='ocrx_word' id='word_1_232' title='bbox 1924 2507 1975 2557; x_wconf 74' lang='grc' dir='ltr'><strong><em>δὲ</em></strong></span> 
     </span>
     <span class='ocr_line' id='line_1_31' title="bbox 510 2581 2026 2647; baseline 0.002 -17"><span class='ocrx_word' id='word_1_233' title='bbox 510 2593 759 2644; x_wconf 76' lang='grc' dir='ltr'><strong><em>συγγενεῖς</em></strong></span> <span class='ocrx_word' id='word_1_234' title='bbox 793 2586 843 2633; x_wconf 82' lang='grc' dir='ltr'><strong><em>οἳ</em></strong></span> <span class='ocrx_word' id='word_1_235' title='bbox 872 2581 927 2631; x_wconf 79' lang='grc' dir='ltr'><strong><em>δὲ</em></strong></span> <span class='ocrx_word' id='word_1_236' title='bbox 958 2586 1133 2646; x_wconf 82' lang='grc' dir='ltr'><strong><em>φίλους</em></strong></span> <span class='ocrx_word' id='word_1_237' title='bbox 1158 2585 1210 2631; x_wconf 79' lang='grc' dir='ltr'><strong><em>οἳ</em></strong></span> <span class='ocrx_word' id='word_1_238' title='bbox 1239 2583 1281 2631; x_wconf 88' lang='grc' dir='ltr'><strong><em>δ’</em></strong></span> <span class='ocrx_word' id='word_1_239' title='bbox 1322 2584 1566 2646; x_wconf 76' lang='grc' dir='ltr'><strong><em>ἀδελφοὺς</em></strong></span> <span class='ocrx_word' id='word_1_240' title='bbox 1593 2585 1858 2647; x_wconf 77' lang='grc' dir='ltr'><strong><em>ἐθρήνουν,</em></strong></span> <span class='ocrx_word' id='word_1_241' title='bbox 1889 2587 1974 2634; x_wconf 87' lang='grc' dir='ltr'><strong><em>τὸν</em></strong></span> <span class='ocrx_word' id='word_1_242' title='bbox 1992 2603 2026 2633; x_wconf 74' lang='grc' dir='ltr'><strong><em>ω</em></strong></span> 
     </span>
     <span class='ocr_line' id='line_1_32' title="bbox 503 2658 1974 2724; baseline 0.003 -17"><span class='ocrx_word' id='word_1_243' title='bbox 503 2658 743 2721; x_wconf 81' lang='grc' dir='ltr'><strong><em>Ἰώσηπον</em></strong></span> <span class='ocrx_word' id='word_1_244' title='bbox 789 2658 843 2708; x_wconf 73' lang='grc' dir='ltr'><strong><em>δὲ</em></strong></span> <span class='ocrx_word' id='word_1_245' title='bbox 887 2660 1085 2724; x_wconf 79' lang='grc' dir='ltr'><strong><em>πάντες,</em></strong></span> <span class='ocrx_word' id='word_1_246' title='bbox 1129 2661 1288 2723; x_wconf 76' lang='lat'><strong>(437)</strong></span> <span class='ocrx_word' id='word_1_247' title='bbox 1330 2660 1395 2718; x_wconf 79' lang='grc' dir='ltr'><strong><em>ὡς</em></strong></span> <span class='ocrx_word' id='word_1_248' title='bbox 1437 2660 1514 2709; x_wconf 81' lang='grc' dir='ltr'><strong><em>ἐπὶ</em></strong></span> <span class='ocrx_word' id='word_1_249' title='bbox 1555 2663 1847 2724; x_wconf 82' lang='grc' dir='ltr'><strong><em>τριακοστὴν</em></strong></span> <span class='ocrx_word' id='word_1_250' title='bbox 1888 2660 1974 2724; x_wconf 74' lang='grc' dir='ltr'><strong><em>μὲν</em></strong></span> 
     </span>
    </p>
   </div>
  </div>
 </body>
</html>
